%% LaTeX2e file `references.bib'
%% generated by the `filecontents' environment
%% from source `template' on 2025/08/31.
%%
@book{goodfellow2016deep,
  title={Deep learning},
  author={Goodfellow, Ian and Bengio, Yoshua and Courville, Aaron and Bengio, Yoshua},
  volume={1},
  year={2016},
  publisher={MIT Press}
}

@article{hamilton2017inductiverl,
 author = {William L. Hamilton and Z. Ying and J. Leskovec},
 booktitle = {Neural Information Processing Systems},
 journal = {ArXiv},
 title = {Inductive Representation Learning on Large Graphs},
 volume = {abs/1706.02216},
 year = {2017}
}

@article{schlichtkrull2017modelingrd,
 author = {M. Schlichtkrull and Thomas Kipf and Peter Bloem and Rianne van den Berg and Ivan Titov and M. Welling},
 booktitle = {Extended Semantic Web Conference},
 pages = {593-607},
 title = {Modeling Relational Data with Graph Convolutional Networks},
 year = {2017}
}

@article{lorello2024thekb,
 author = {Luca Salvatore Lorello and Marco Lippi and S. Melacci},
 booktitle = {Machine-mediated learning},
 journal = {Mach. Learn.},
 pages = {161},
 title = {The KANDY Benchmark: Incremental Neuro-Symbolic Learning and Reasoning with Kandinsky Patterns},
 volume = {114},
 year = {2024}
}

@article{nair2017learningdr,
 author = {Naveen Nair and Ajay Nagesh and Ganesh Ramakrishnan},
 booktitle = {arXiv.org},
 journal = {ArXiv},
 title = {Learning Discriminative Relational Features for Sequence Labeling},
 volume = {abs/1705.02562},
 year = {2017}
}

@article{wang2025ruleguidedgn,
 author = {Zhe Wang and Suxue Ma and Kewen Wang and Zhiqiang Zhuang},
 booktitle = {AAAI Conference on Artificial Intelligence},
 pages = {12784-12791},
 title = {Rule-Guided Graph Neural Networks for Explainable Knowledge Graph Reasoning},
 year = {2025}
}
