%% LaTeX2e file `references.bib'
%% generated by the `filecontents' environment
%% from source `template' on 2025/08/31.
%%
@book{goodfellow2016deep,
  title={Deep learning},
  author={Goodfellow, Ian and Bengio, Yoshua and Courville, Aaron and Bengio, Yoshua},
  volume={1},
  year={2016},
  publisher={MIT Press}
}

@inproceedings{hartigan1979akc,
 author = {J. Hartigan and M. A. Wong},
 title = {A k-means clustering algorithm},
 year = {1979}
}

@article{snell2017prototypicalnf,
 author = {Jake Snell and Kevin Swersky and R. Zemel},
 booktitle = {Neural Information Processing Systems},
 pages = {4077-4087},
 title = {Prototypical Networks for Few-shot Learning},
 year = {2017}
}

@article{devlin2019bertpo,
 author = {Jacob Devlin and Ming-Wei Chang and Kenton Lee and Kristina Toutanova},
 booktitle = {North American Chapter of the Association for Computational Linguistics},
 pages = {4171-4186},
 title = {BERT: Pre-training of Deep Bidirectional Transformers for Language Understanding},
 year = {2019}
}

@article{gangopadhyay2020semilexicall,
 author = {Briti Gangopadhyay and S. Hazra and P. Dasgupta},
 booktitle = {arXiv.org},
 journal = {ArXiv},
 title = {Semi-Lexical Languages - A Formal Basis for Unifying Machine Learning and Symbolic Reasoning in Computer Vision},
 volume = {abs/2004.12152},
 year = {2020}
}

@article{yulisasih2024evaluationok,
 author = {Baiq Nikum Yulisasih and Herman Herman and Sunardi Sunardi and Herman Yuliansyah},
 booktitle = {Ilkom Jurnal Ilmiah},
 journal = {ILKOM Jurnal Ilmiah},
 title = {Evaluation of K-Means Clustering Using Silhouette Score Method on Customer Segmentation},
 year = {2024}
}

@article{rhomadhona2025implementationok,
 author = {Herfia Rhomadhona and Wiwik Kusrini and Winda Aprianti and Jaka Permadi},
 booktitle = {Brilliance Research of Artificial Intelligence},
 journal = {Brilliance: Research of Artificial Intelligence},
 title = {Implementation of K-Means Clustering for Social Assistance Recipients with Silhouette Score Evaluation},
 year = {2025}
}
