
% The paper 'A k-means clustering algorithm' by J. Hartigan and M. A. Wong (1979) is a foundational work introducing the K-means clustering algorithm. This citation will provide historical context and support for the use of K-means clustering in symbolic glyph clustering experiments. It should be cited in the methodology section when discussing the clustering approach.
@inproceedings{hartigan1979akc,
 author = {J. Hartigan and M. A. Wong},
 title = {A k-means clustering algorithm},
 year = {1979}
}

% The paper 'Deep Symbolic Learning: Discovering Symbols and Rules from Perceptions' introduces a Neuro-Symbolic system that learns symbolic representations and rules in a differentiable neural framework. This is directly relevant to the symbolic glyph clustering and reasoning explored in this study. It provides support for discussing the integration of perception and symbolic reasoning and should be cited in the related work section to highlight prior methods in neural-symbolic learning.
@article{daniele2022deepsl,
 author = {Alessandro Daniele and Tommaso Campari and Sagar Malhotra and L. Serafini},
 booktitle = {International Workshop on Neural-Symbolic Learning and Reasoning},
 journal = {ArXiv},
 title = {Deep Symbolic Learning: Discovering Symbols and Rules from Perceptions},
 volume = {abs/2208.11561},
 year = {2022}
}

% Paper 2 provides a comprehensive review of PCA, discussing its basic concepts and applications, which supports its use as a dimensionality reduction technique in clustering symbolic glyphs. Paper 4 gives a clear explanation of PCA's role in addressing the curse of dimensionality and its ability to retain variance during dimensionality reduction, making it a suitable citation to explain this technique in the methodology.
@inproceedings{hasan2021aro,
 author = {Basna Mohammed Salih Hasan and A. Abdulazeez},
 title = {A Review of Principal Component Analysis Algorithm for Dimensionality Reduction},
 volume = {2},
 year = {2021}
}

@article{pomerantsev2014principalca,
 author = {Alexey L. Pomerantsev},
 booktitle = {Encyclopedia of Autism Spectrum Disorders},
 journal = {Encyclopedia of Autism Spectrum Disorders},
 title = {Principal Component Analysis (PCA)},
 year = {2014}
}

% The paper 'Prototypical Networks for Few-shot Learning' introduces a clustering-based approach to few-shot classification, where prototype representations of classes are used for classification in a metric space. This work is highly relevant to the study as it provides foundational support for the use of clustering in small data regimes, particularly in tasks involving abstract symbolic reasoning. It should be cited in the related work section to discuss prior approaches leveraging clustering for improved generalization in few-shot learning.
@article{snell2017prototypicalnf,
 author = {Jake Snell and Kevin Swersky and R. Zemel},
 booktitle = {Neural Information Processing Systems},
 pages = {4077-4087},
 title = {Prototypical Networks for Few-shot Learning},
 year = {2017}
}

% The paper 'A Survey of Clustering Algorithms for High-Dimensional Data Mining' provides a comprehensive review of various clustering algorithms and the challenges posed by high-dimensional data, such as the curse of dimensionality and data noise. This citation is relevant to the 'Risk Factors and Limitations' section, as it provides theoretical insights into the potential pitfalls of clustering algorithms in high-dimensional spaces and supports the discussion on the limitations of clustering techniques in the proposed methodology.
@article{kukreti2021aso,
 author = {Anil Kukreti},
 booktitle = {Mathematical Statistician and Engineering Applications},
 journal = {Mathematical Statistician and Engineering Applications},
 title = {A Survey of Clustering Algorithms for High-Dimensional Data Mining},
 year = {2021}
}

% The paper 'FinChain: A Symbolic Benchmark for Verifiable Chain-of-Thought Financial Reasoning' introduces a symbolic benchmark designed for multi-step reasoning, emphasizing the evaluation of intermediate steps. This citation is relevant for discussing the importance of symbolic reasoning benchmarks and will be cited in the dataset section to relate to the use and evaluation of SPR_BENCH in the study.
@article{xie2025finchainas,
 author = {Zhuohan Xie and Dhruv Sahnan and Debopriyo Banerjee and Georgi N. Georgiev and Rushil Thareja and Hachem Madmoun and Jinyan Su and Aaryamonvikram Singh and Yuxia Wang and Rui Xing and Fajri Koto and Haonan Li and Ivan Koychev and Tanmoy Chakraborty and Salem Lahlou and Veselin Stoyanov and Preslav Nakov},
 booktitle = {arXiv.org},
 journal = {ArXiv},
 title = {FinChain: A Symbolic Benchmark for Verifiable Chain-of-Thought Financial Reasoning},
 volume = {abs/2506.02515},
 year = {2025}
}

% The paper 'A Proposal for Common Dataset in Neural-Symbolic Reasoning Studies' discusses the importance of standardized datasets in neural-symbolic reasoning research. This citation is relevant to the dataset section, providing support for the use of SPR_BENCH as a meaningful benchmark for evaluating symbolic reasoning capabilities in machine learning models.
@article{ylmaz2016apf,
 author = {Özgür Yılmaz and A. Garcez and Daniel L. Silver},
 booktitle = {NeSy@HLAI},
 title = {A Proposal for Common Dataset in Neural-Symbolic Reasoning Studies},
 year = {2016}
}
