
% This paper provides a foundational overview of neural-symbolic integration, emphasizing the complementary nature of symbolic and neural systems and the challenges in bridging these paradigms. It is relevant for grounding the theoretical basis of the proposed integration of neural networks and symbolic reasoning frameworks in the context of zero-shot learning. This citation supports the discussion on combining the generalization capabilities of neural networks with the precision of symbolic reasoning.
@article{hitzler2020neuralsymbolicia,
 author = {P. Hitzler and Federico Bianchi and Monireh Ebrahimi and Md Kamruzzaman Sarker},
 booktitle = {Semantic Web},
 journal = {Semantic Web},
 pages = {3-11},
 title = {Neural-symbolic integration and the Semantic Web},
 volume = {11},
 year = {2020}
}

% The paper 'Generative Mixup Networks for Zero-Shot Learning' introduces a novel approach to zero-shot learning by addressing key challenges like imbalanced class distributions and irregular mappings in generalized zero-shot tasks. It is relevant for grounding the discussion on generalization capabilities in zero-shot learning within the context of neural-symbolic integration. This citation will be used in the Related Work and Background sections to support the methodology and theoretical framework.
@article{xu2022generativemn,
 author = {Bingrong Xu and Zhigang Zeng and Cheng Lian and Zhengming Ding},
 booktitle = {IEEE Transactions on Neural Networks and Learning Systems},
 journal = {IEEE Transactions on Neural Networks and Learning Systems},
 pages = {4054-4065},
 title = {Generative Mixup Networks for Zero-Shot Learning},
 volume = {36},
 year = {2022}
}

% The KANDY Benchmark introduces a framework for evaluating reasoning tasks with a focus on symbol compositionality and interpretable solutions. This work is relevant for situating SPR_BENCH within the broader landscape of reasoning benchmarks, highlighting the importance of such benchmarks for advancing neuro-symbolic methods. It will be cited in the Related Work section to support the choice and importance of SPR_BENCH.
@article{lorello2024thekb,
 author = {Luca Salvatore Lorello and Marco Lippi and S. Melacci},
 booktitle = {Machine-mediated learning},
 journal = {Mach. Learn.},
 pages = {161},
 title = {The KANDY Benchmark: Incremental Neuro-Symbolic Learning and Reasoning with Kandinsky Patterns},
 volume = {114},
 year = {2024}
}

% The paper 'Symbolic Inference Based on Rule Instantiation' introduces a novel approach to symbolic computation using an expression tree-based matching algorithm for rule inference. This is highly relevant for the symbolic reasoning component of the proposed neural-symbolic integration methodology, as it provides insights into designing rule inference mechanisms. It will be cited in the Methodology section to support the development of the symbolic reasoning framework.
@conference{liu2024symbolicib,
 author = {Yunhao Liu and Zongkui He and Shiying Liu},
 booktitle = {2024 7th International Conference on Artificial Intelligence and Big Data (ICAIBD)},
 journal = {2024 7th International Conference on Artificial Intelligence and Big Data (ICAIBD)},
 pages = {77-81},
 title = {Symbolic Inference Based on Rule Instantiation},
 year = {2024}
}

% The paper 'Zero-shot Compositional Action Recognition with Neural Logic Constraints' explores zero-shot compositional reasoning using symbolic constraints, relevant for discussing methodologies that enhance compositional reasoning in neural-symbolic systems. The paper 'NeSyCoCo: A Neuro-Symbolic Concept Composer for Compositional Generalization' addresses challenges in neuro-symbolic frameworks and demonstrates their effectiveness in compositional reasoning tasks, supporting the proposed integration of neural networks and symbolic reasoning. These works will be cited in the Methodology and Related Work sections to contextualize and bolster the proposed framework's design and capabilities.
@inproceedings{ye2025zeroshotca,
 author = {Gefan Ye and Lin Li and Kexin Li and Jun Xiao and Long Chen},
 title = {Zero-shot Compositional Action Recognition with Neural Logic Constraints},
 year = {2025}
}

@article{kamali2024nesycocoan,
 author = {Danial Kamali and Elham J. Barezi and Parisa Kordjamshidi},
 booktitle = {arXiv.org},
 journal = {ArXiv},
 title = {NeSyCoCo: A Neuro-Symbolic Concept Composer for Compositional Generalization},
 volume = {abs/2412.15588},
 year = {2024}
}

% The paper 'Symbol-LLM: Leverage Language Models for Symbolic System in Visual Human Activity Reasoning' explores a symbolic system composed of symbols and rules, focusing on compositional generalization and explainability. This is highly relevant for supporting the discussion on rule generalization and the challenges of integrating symbolic reasoning in the proposed neural-symbolic integration framework. It will be cited in the Risk Factors and Limitations section and potentially in the Methodology section to highlight considerations for rule-based reasoning.
@article{wu2023symbolllmll,
 author = {Xiaoqian Wu and Yong-Lu Li and Jianhua Sun and Cewu Lu},
 booktitle = {Neural Information Processing Systems},
 journal = {ArXiv},
 title = {Symbol-LLM: Leverage Language Models for Symbolic System in Visual Human Activity Reasoning},
 volume = {abs/2311.17365},
 year = {2023}
}

% The paper 'Open-World Visual Reasoning by a Neuro-Symbolic Program of Zero-Shot Symbols' introduces a neuro-symbolic framework for reasoning about spatial configurations in an open-world setting. This work is relevant for discussing methodologies and benchmarks related to zero-shot reasoning in neuro-symbolic systems, particularly those leveraging symbolic representations for generalization. It will be cited in the Related Work section to contextualize the proposed SPR_BENCH within the broader landscape of zero-shot benchmarks and neuro-symbolic reasoning.
@article{burghouts2024openworldvr,
 author = {G. Burghouts and Fieke Hillerstr√∂m and Erwin Walraven and M. V. Bekkum and Frank Ruis and J. Sijs and Jelle van Mil and Judith Dijk},
 booktitle = {International Conferences on Pattern Recognition and Artificial Intelligence},
 pages = {62-75},
 title = {Open-World Visual Reasoning by a Neuro-Symbolic Program of Zero-Shot Symbols},
 year = {2024}
}

% The paper 'Dynamic Neuro-Symbolic Knowledge Graph Construction for Zero-shot Commonsense Question Answering' presents a neuro-symbolic approach for dynamically generating contextually relevant symbolic knowledge graphs for zero-shot reasoning. This aligns with the proposed work's focus on integrating neural networks with symbolic reasoning frameworks to generalize to unseen rule-based tasks. It will be cited in the Methodology and Related Work sections to support the discussion on leveraging symbolic representations for zero-shot reasoning and the challenges of rule inference.
@article{bosselut2020dynamicnk,
 author = {Antoine Bosselut and Ronan Le Bras and Yejin Choi},
 booktitle = {AAAI Conference on Artificial Intelligence},
 pages = {4923-4931},
 title = {Dynamic Neuro-Symbolic Knowledge Graph Construction for Zero-shot Commonsense Question Answering},
 year = {2020}
}
