
% The paper 'pix2rule: End-to-end Neuro-symbolic Rule Learning' introduces a neuro-symbolic system for processing images into objects, learning relations, and logical rules in an end-to-end manner. It presents a differentiable layer capable of extracting symbolic relations and rules, evaluated on symbolic rule learning tasks. This work is relevant to the context of Symbolic PolyRule Reasoning as it provides foundational insights into combining symbolic reasoning with deep learning, and should be cited in the related work section to summarize prior efforts in symbolic rule-based learning.
@article{cingillioglu2021pix2ruleen,
 author = {Nuri Cingillioglu and A. Russo},
 booktitle = {International Workshop on Neural-Symbolic Learning and Reasoning},
 pages = {15-56},
 title = {pix2rule: End-to-end Neuro-symbolic Rule Learning},
 year = {2021}
}

% The paper 'A Neuro-Symbolic Benchmark Suite for Concept Quality and Reasoning Shortcuts' introduces rsbench, a benchmark suite for evaluating reasoning tasks and identifying reasoning shortcuts in models. This work is relevant to Symbolic PolyRule Reasoning as it highlights challenges in reasoning tasks and provides a framework for benchmarking reasoning capabilities. It should be cited in the related work section to contextualize the importance of benchmarks in assessing reasoning and generalization in symbolic tasks.
@article{bortolotti2024anb,
 author = {Samuele Bortolotti and Emanuele Marconato and Tommaso Carraro and Paolo Morettin and Emile van Krieken and Antonio Vergari and Stefano Teso and Andrea Passerini},
 booktitle = {Neural Information Processing Systems},
 title = {A Neuro-Symbolic Benchmark Suite for Concept Quality and Reasoning Shortcuts},
 year = {2024}
}

% The paper 'Closed Loop Neural-Symbolic Learning via Integrating Neural Perception, Grammar Parsing, and Symbolic Reasoning' introduces the HWF dataset for handwritten formula recognition, a symbolic reasoning task. This is relevant to the SPR_BENCH dataset used in this study as it highlights existing datasets and their role in evaluating symbolic reasoning models. This citation should be included in the related work section to contextualize the dataset landscape for symbolic reasoning tasks.
@article{li2020closedln,
 author = {Qing Li and Siyuan Huang and Yining Hong and Yixin Chen and Y. Wu and Song-Chun Zhu},
 booktitle = {International Conference on Machine Learning},
 journal = {ArXiv},
 title = {Closed Loop Neural-Symbolic Learning via Integrating Neural Perception, Grammar Parsing, and Symbolic Reasoning},
 volume = {abs/2006.06649},
 year = {2020}
}

% The paper 'Fuzzy Neural Logic Reasoning for Robust Classification' introduces the FNLR architecture, which combines symbolic pre-training and neural fine-tuning to handle rule-based classification with enhanced interpretability and noise robustness. This work is relevant to the development of algorithms for Symbolic PolyRule Reasoning as it provides insights into integrating symbolic logic into machine learning models. It should be cited in the related work section to discuss methodologies for robust symbolic reasoning and classification.
@article{lin2024fuzzynl,
 author = {Guo Lin and Yongfeng Zhang},
 booktitle = {ACM Transactions on Knowledge Discovery from Data},
 journal = {ACM Transactions on Knowledge Discovery from Data},
 pages = {1 - 29},
 title = {Fuzzy Neural Logic Reasoning for Robust Classification},
 volume = {19},
 year = {2024}
}

% The paper 'Empowering LLMs for Mathematical Reasoning and Optimization: A Multi-Agent Symbolic Regression System' discusses challenges in uncovering complex patterns and relationships using symbolic reasoning, focusing on explainability and reasoning capabilities in AI systems. This citation is relevant to highlight the complexity and generalization challenges in multi-factor symbolic reasoning tasks. It should be cited in the related work section to emphasize the need for advancing models to handle such complexities.
@article{vats2025empoweringlf,
 author = {Shaurya Vats and Sai Phani Chatti and Aravind Devanand and Sandeep Krishnan and Rohit Karanth Kota},
 booktitle = {Systems and Control Transactions},
 journal = {Systems and Control Transactions},
 title = {Empowering LLMs for Mathematical Reasoning and Optimization: A Multi-Agent Symbolic Regression System},
 year = {2025}
}

% The paper 'Multi-LogiEval: Towards Evaluating Multi-Step Logical Reasoning Ability of Large Language Models' introduces a comprehensive evaluation dataset for multi-step logical reasoning, addressing limitations in existing benchmarks by incorporating diverse inference rules and depths. This work is relevant to highlight research gaps in symbolic reasoning, particularly in handling complex, multi-factor logical rules. It should be cited in the related work section to emphasize the novelty and importance of addressing such gaps in the proposed study.
@article{patel2024multilogievalte,
 author = {Nisarg Patel and Mohith Kulkarni and Mihir Parmar and Aashna Budhiraja and Mutsumi Nakamura and Neeraj Varshney and Chitta Baral},
 booktitle = {Conference on Empirical Methods in Natural Language Processing},
 journal = {ArXiv},
 title = {Multi-LogiEval: Towards Evaluating Multi-Step Logical Reasoning Ability of Large Language Models},
 volume = {abs/2406.17169},
 year = {2024}
}

% The paper 'Learning Phrase Representations using RNN Encoder–Decoder for Statistical Machine Translation' introduces the RNN Encoder-Decoder model and Gated Recurrent Units (GRUs), which are foundational to the methodologies employed in this study. This citation is relevant to acknowledge the established methods used for sequence classification tasks and should be cited in the methodology section to reference the GRU-based architecture used in the baseline model.
@article{cho2014learningpr,
 author = {Kyunghyun Cho and B. V. Merrienboer and Çaglar Gülçehre and Dzmitry Bahdanau and Fethi Bougares and Holger Schwenk and Yoshua Bengio},
 booktitle = {Conference on Empirical Methods in Natural Language Processing},
 pages = {1724-1734},
 title = {Learning Phrase Representations using RNN Encoder–Decoder for Statistical Machine Translation},
 year = {2014}
}

% The paper 'Adam: A Method for Stochastic Optimization' introduces the Adam optimizer, which is a foundational algorithm for gradient-based optimization. It is directly relevant to the methodologies employed in this study, as Adam is used for training the models. This citation should be added to the methodology section to acknowledge the use of this optimizer and its significance in machine learning research.
@article{kingma2014adamam,
 author = {Diederik P. Kingma and Jimmy Ba},
 booktitle = {International Conference on Learning Representations},
 journal = {CoRR},
 title = {Adam: A Method for Stochastic Optimization},
 volume = {abs/1412.6980},
 year = {2014}
}

% The papers 'MARS: Benchmarking the Metaphysical Reasoning Abilities of Language Models with a Multi-task Evaluation Dataset' and 'FinChain: A Symbolic Benchmark for Verifiable Chain-of-Thought Financial Reasoning' introduce benchmarks for evaluating reasoning tasks in distinct contexts (situational transitions and financial reasoning, respectively). These works are relevant to highlight the broader importance of reasoning benchmarks and to contextualize the novelty and need for SPR_BENCH in symbolic reasoning research. These citations should be included in the related work section to emphasize the role of benchmark datasets in advancing reasoning capabilities within specific domains.
@article{wang2024marsbt,
 author = {Weiqi Wang and Yangqiu Song},
 booktitle = {Annual Meeting of the Association for Computational Linguistics},
 journal = {ArXiv},
 title = {MARS: Benchmarking the Metaphysical Reasoning Abilities of Language Models with a Multi-task Evaluation Dataset},
 volume = {abs/2406.02106},
 year = {2024}
}

@article{xie2025finchainas,
 author = {Zhuohan Xie and Dhruv Sahnan and Debopriyo Banerjee and Georgi N. Georgiev and Rushil Thareja and Hachem Madmoun and Jinyan Su and Aaryamonvikram Singh and Yuxia Wang and Rui Xing and Fajri Koto and Haonan Li and Ivan Koychev and Tanmoy Chakraborty and Salem Lahlou and Veselin Stoyanov and Preslav Nakov},
 booktitle = {arXiv.org},
 journal = {ArXiv},
 title = {FinChain: A Symbolic Benchmark for Verifiable Chain-of-Thought Financial Reasoning},
 volume = {abs/2506.02515},
 year = {2025}
}
