%% LaTeX2e file `references.bib'
%% generated by the `filecontents' environment
%% from source `template' on 2025/08/15.
%%
@book{goodfellow2016deep,
  title={Deep learning},
  author={Goodfellow, Ian and Bengio, Yoshua and Courville, Aaron and Bengio, Yoshua},
  volume={1},
  year={2016},
  publisher={MIT Press}
}

@article{chen2020asf,
 author = {Ting Chen and Simon Kornblith and Mohammad Norouzi and Geoffrey E. Hinton},
 booktitle = {International Conference on Machine Learning},
 journal = {ArXiv},
 title = {A Simple Framework for Contrastive Learning of Visual Representations},
 volume = {abs/2002.05709},
 year = {2020}
}

@article{kamali2024nesycocoan,
 author = {Danial Kamali and Elham J. Barezi and Parisa Kordjamshidi},
 booktitle = {arXiv.org},
 journal = {ArXiv},
 title = {NeSyCoCo: A Neuro-Symbolic Concept Composer for Compositional Generalization},
 volume = {abs/2412.15588},
 year = {2024}
}

@article{lee2024timeseriesrf,
 author = {Junyeop Lee and Insung Ham and Yongmin Kim and Hanseok Ko},
 booktitle = {Italian National Conference on Sensors},
 journal = {Sensors (Basel, Switzerland)},
 title = {Time-Series Representation Feature Refinement with a Learnable Masking Augmentation Framework in Contrastive Learning},
 volume = {24},
 year = {2024}
}

@article{xie2025finchainas,
 author = {Zhuohan Xie and Dhruv Sahnan and Debopriyo Banerjee and Georgi N. Georgiev and Rushil Thareja and Hachem Madmoun and Jinyan Su and Aaryamonvikram Singh and Yuxia Wang and Rui Xing and Fajri Koto and Haonan Li and Ivan Koychev and Tanmoy Chakraborty and Salem Lahlou and Veselin Stoyanov and Preslav Nakov},
 booktitle = {arXiv.org},
 journal = {ArXiv},
 title = {FinChain: A Symbolic Benchmark for Verifiable Chain-of-Thought Financial Reasoning},
 volume = {abs/2506.02515},
 year = {2025}
}

@article{fu2025contrastiverl,
 author = {Renyu Fu and Xiao Zheng and Hua Zhou and Chengfu Ji and Sen Xiang and Guanghui Yue and Tianyi Wang and Chang Tang},
 booktitle = {IEEE journal of biomedical and health informatics},
 journal = {IEEE journal of biomedical and health informatics},
 title = {Contrastive Representation Learning for Cross-Domain Blood Cell Image Classification with Denoising Mechanism.},
 volume = {PP},
 year = {2025}
}
