
% This paper discusses a compositional framework for integrating neural networks with symbolic reasoning, treating each as black-box modules. It is relevant to the proposed work's focus on neural-symbolic integration to achieve zero-shot reasoning in Synthetic PolyRule Reasoning. This citation should be included in the related work section to support the methodology discussion.
@article{tsamoura2020neuralsymbolicia,
 author = {Efthymia Tsamoura and Loizos Michael},
 booktitle = {AAAI Conference on Artificial Intelligence},
 pages = {5051-5060},
 title = {Neural-Symbolic Integration: A Compositional Perspective},
 year = {2020}
}

% The paper 'Super-CLEVR' introduces a benchmark to evaluate domain robustness in visual reasoning tasks, using methods that include neural-symbolic reasoning approaches. It is relevant for drawing parallels to SPR_BENCH and supporting the evaluation methodology of the proposed work. This citation should be included in the related work section to contextualize the use of benchmarks in reasoning tasks.
@article{li2022superclevrav,
 author = {Zhuowan Li and Xingrui Wang and Elias Stengel-Eskin and Adam Kortylewski and Wufei Ma and Benjamin Van Durme and Alan Yuille Johns Hopkins University and U. California and Max Planck Institute for Informatics and U. Freiburg},
 booktitle = {Computer Vision and Pattern Recognition},
 journal = {2023 IEEE/CVF Conference on Computer Vision and Pattern Recognition (CVPR)},
 pages = {14963-14973},
 title = {Super-CLEVR: A Virtual Benchmark to Diagnose Domain Robustness in Visual Reasoning},
 year = {2022}
}

% The paper 'Zero-shot Compositional Action Recognition with Neural Logic Constraints' discusses the integration of symbolic reasoning via logic constraints with neural networks to enhance zero-shot capabilities, particularly in compositional action recognition tasks. This is highly relevant to the proposed work's focus on achieving zero-shot reasoning in Synthetic PolyRule Reasoning through neural-symbolic integration. It should be cited in the related work section to support the hypothesis and methodology.
@inproceedings{ye2025zeroshotca,
 author = {Gefan Ye and Lin Li and Kexin Li and Jun Xiao and Long Chen},
 title = {Zero-shot Compositional Action Recognition with Neural Logic Constraints},
 year = {2025}
}

% This paper introduces a framework for robust evaluation of reasoning capabilities using functional variants of benchmarks, identifying reasoning gaps in static versus functional variants. It is relevant to SPR_BENCH as it highlights evaluation methodologies and limitations of reasoning benchmarks. This citation should be included in the related work section to support the discussion on benchmarking and evaluation in symbolic reasoning tasks.
@article{srivastava2024functionalbf,
 author = {Saurabh Srivastava and B. AnnaroseM and V. AntoP and Shashank Menon and Ajay Sukumar and T. AdwaithSamod and Alan Philipose and Stevin Prince and Sooraj Thomas},
 booktitle = {arXiv.org},
 journal = {ArXiv},
 title = {Functional Benchmarks for Robust Evaluation of Reasoning Performance, and the Reasoning Gap},
 volume = {abs/2402.19450},
 year = {2024}
}
