%% LaTeX2e file `references.bib'
%% generated by the `filecontents' environment
%% from source `template' on 2025/08/17.
%%
@book{goodfellow2016deep,
  title={Deep learning},
  author={Goodfellow, Ian and Bengio, Yoshua and Courville, Aaron and Bengio, Yoshua},
  volume={1},
  year={2016},
  publisher={MIT Press}
}

@article{hitzler2020neuralsymbolicia,
 author = {P. Hitzler and Federico Bianchi and Monireh Ebrahimi and Md Kamruzzaman Sarker},
 booktitle = {Semantic Web},
 journal = {Semantic Web},
 pages = {3-11},
 title = {Neural-symbolic integration and the Semantic Web},
 volume = {11},
 year = {2020}
}

@article{xu2023mindrm,
 author = {Fangzhi Xu and Jun Liu and Qika Lin and Tianzhe Zhao and Jian Zhang and Lingling Zhang},
 booktitle = {IEEE Transactions on Neural Networks and Learning Systems},
 journal = {IEEE Transactions on Neural Networks and Learning Systems},
 pages = {18499-18511},
 title = {Mind Reasoning Manners: Enhancing Type Perception for Generalized Zero-Shot Logical Reasoning Over Text},
 volume = {35},
 year = {2023}
}

@article{barbiero2023interpretablenc,
 author = {Pietro Barbiero and Gabriele Ciravegna and Francesco Giannini and Mateo Espinosa Zarlenga and Lucie Charlotte Magister and A. Tonda and Pietro Lio' and F. Precioso and M. Jamnik and G. Marra},
 booktitle = {International Workshop on Neural-Symbolic Learning and Reasoning},
 journal = {ArXiv},
 title = {Interpretable Neural-Symbolic Concept Reasoning},
 volume = {abs/2304.14068},
 year = {2023}
}

@article{guo2023graphku,
 author = {Jingcai Guo and Song Guo and Qihua Zhou and Ziming Liu and Xiaocheng Lu and Fushuo Huo},
 booktitle = {AAAI Conference on Artificial Intelligence},
 pages = {7775-7783},
 title = {Graph Knows Unknowns: Reformulate Zero-Shot Learning as Sample-Level Graph Recognition},
 year = {2023}
}

@article{yu2023ann,
 author = {Dongran Yu and Xueyan Liu and Shirui Pan and Anchen Li and Bo Yang},
 booktitle = {arXiv.org},
 journal = {ArXiv},
 title = {A Novel Neural-symbolic System under Statistical Relational Learning},
 volume = {abs/2309.08931},
 year = {2023}
}

@article{markowitz2024treeoftraversalsaz,
 author = {Elan Markowitz and Anil Ramakrishna and J. Dhamala and Ninareh Mehrabi and Charith Peris and Rahul Gupta and Kai-Wei Chang and A. Galstyan},
 booktitle = {Annual Meeting of the Association for Computational Linguistics},
 pages = {12302-12319},
 title = {Tree-of-Traversals: A Zero-Shot Reasoning Algorithm for Augmenting Black-box Language Models with Knowledge Graphs},
 year = {2024}
}

@article{yang2024mminstructevalze,
 author = {Xiaocui Yang and Wenfang Wu and Shi Feng and Ming Wang and Daling Wang and Yang Li and Qi Sun and Yifei Zhang and Xiaoming Fu and Soujanya Poria},
 booktitle = {Information Fusion},
 journal = {ArXiv},
 title = {MM-InstructEval: Zero-Shot Evaluation of (Multimodal) Large Language Models on Multimodal Reasoning Tasks},
 volume = {abs/2405.07229},
 year = {2024}
}

@article{hooshyar2023augmentingdn,
 author = {Danial Hooshyar and Roger Azevedo and Yeongwook Yang},
 booktitle = {Machine Learning and Knowledge Extraction},
 journal = {Mach. Learn. Knowl. Extr.},
 pages = {593-618},
 title = {Augmenting deep neural networks with symbolic knowledge: Towards trustworthy and interpretable AI for education},
 volume = {6},
 year = {2023}
}

@article{gao2024explainablevq,
 author = {Jingying Gao and Alan Blair and M. Pagnucco},
 booktitle = {IEEE International Joint Conference on Neural Network},
 journal = {2024 International Joint Conference on Neural Networks (IJCNN)},
 pages = {1-10},
 title = {Explainable Visual Question Answering via Hybrid Neural-Logical Reasoning},
 year = {2024}
}
