%% LaTeX2e file `references.bib'
%% generated by the `filecontents' environment
%% from source `template' on 2025/08/30.
%%
@book{goodfellow2016deep,
  title={Deep learning},
  author={Goodfellow, Ian and Bengio, Yoshua and Courville, Aaron and Bengio, Yoshua},
  volume={1},
  year={2016},
  publisher={MIT Press}
}

@article{xu2018howpa,
 author = {Keyulu Xu and Weihua Hu and J. Leskovec and S. Jegelka},
 booktitle = {International Conference on Learning Representations},
 journal = {ArXiv},
 title = {How Powerful are Graph Neural Networks?},
 volume = {abs/1810.00826},
 year = {2018}
}

@article{wu2019acs,
 author = {Zonghan Wu and Shirui Pan and Fengwen Chen and Guodong Long and Chengqi Zhang and Philip S. Yu},
 booktitle = {IEEE Transactions on Neural Networks and Learning Systems},
 journal = {IEEE Transactions on Neural Networks and Learning Systems},
 pages = {4-24},
 title = {A Comprehensive Survey on Graph Neural Networks},
 volume = {32},
 year = {2019}
}

@article{bortolotti2024anb,
 author = {Samuele Bortolotti and Emanuele Marconato and Tommaso Carraro and Paolo Morettin and Emile van Krieken and Antonio Vergari and Stefano Teso and Andrea Passerini},
 booktitle = {Neural Information Processing Systems},
 title = {A Neuro-Symbolic Benchmark Suite for Concept Quality and Reasoning Shortcuts},
 year = {2024}
}

@article{zheng2020graphnn,
 author = {Xuebin Zheng and Bingxin Zhou and Ming Li and Yu Guang Wang and Junbin Gao},
 booktitle = {arXiv.org},
 journal = {ArXiv},
 title = {Graph Neural Networks with Haar Transform-Based Convolution and Pooling: A Complete Guide},
 volume = {abs/2007.11202},
 year = {2020}
}

@article{cinque2022poolingsf,
 author = {Domenico Mattia Cinque and Claudio Battiloro and P. Lorenzo},
 booktitle = {IEEE International Conference on Acoustics, Speech, and Signal Processing},
 journal = {ICASSP 2023 - 2023 IEEE International Conference on Acoustics, Speech and Signal Processing (ICASSP)},
 pages = {1-5},
 title = {Pooling Strategies for Simplicial Convolutional Networks},
 year = {2022}
}

@article{zhang2022evaluatingsr,
 author = {Hanlin Zhang and Yi-Fan Zhang and Li Erran Li and Eric P. Xing},
 booktitle = {NAACL-HLT},
 pages = {2984-3002},
 title = {Evaluating Step-by-Step Reasoning through Symbolic Verification},
 year = {2022}
}

@article{liu2025vcra,
 author = {Sannyuya Liu and Jintian Feng and Xiaoxuan Shen and Shengyingjie Liu and Qian Wan and Jianwen Sun},
 booktitle = {AAAI Conference on Artificial Intelligence},
 pages = {24650-24658},
 title = {VCR: A "Cone of Experience" Driven Synthetic Data Generation Framework for Mathematical Reasoning},
 year = {2025}
}

@article{diao2022relationalag,
 author = {Cameron Diao and Ricky Loynd},
 booktitle = {International Conference on Learning Representations},
 journal = {ArXiv},
 title = {Relational Attention: Generalizing Transformers for Graph-Structured Tasks},
 volume = {abs/2210.05062},
 year = {2022}
}

@article{zhang2024cdfgnnas,
 author = {Shuai Zhang and Zite Jiang and Haihang You},
 booktitle = {arXiv.org},
 journal = {ArXiv},
 title = {CDFGNN: a Systematic Design of Cache-based Distributed Full-Batch Graph Neural Network Training with Communication Reduction},
 volume = {abs/2408.00232},
 year = {2024}
}
