%% LaTeX2e file `references.bib'
%% generated by the `filecontents' environment
%% from source `template' on 2025/08/31.
%%
@book{goodfellow2016deep,
  title={Deep learning},
  author={Goodfellow, Ian and Bengio, Yoshua and Courville, Aaron and Bengio, Yoshua},
  volume={1},
  year={2016},
  publisher={MIT Press}
}

@inproceedings{hartigan1979akc,
 author = {J. Hartigan and M. A. Wong},
 title = {A k-means clustering algorithm},
 year = {1979}
}

@article{daniele2022deepsl,
 author = {Alessandro Daniele and Tommaso Campari and Sagar Malhotra and L. Serafini},
 booktitle = {International Workshop on Neural-Symbolic Learning and Reasoning},
 journal = {ArXiv},
 title = {Deep Symbolic Learning: Discovering Symbols and Rules from Perceptions},
 volume = {abs/2208.11561},
 year = {2022}
}

@inproceedings{hasan2021aro,
 author = {Basna Mohammed Salih Hasan and A. Abdulazeez},
 title = {A Review of Principal Component Analysis Algorithm for Dimensionality Reduction},
 volume = {2},
 year = {2021}
}

@article{pomerantsev2014principalca,
 author = {Alexey L. Pomerantsev},
 booktitle = {Encyclopedia of Autism Spectrum Disorders},
 journal = {Encyclopedia of Autism Spectrum Disorders},
 title = {Principal Component Analysis (PCA)},
 year = {2014}
}

@article{snell2017prototypicalnf,
 author = {Jake Snell and Kevin Swersky and R. Zemel},
 booktitle = {Neural Information Processing Systems},
 pages = {4077-4087},
 title = {Prototypical Networks for Few-shot Learning},
 year = {2017}
}

@article{kukreti2021aso,
 author = {Anil Kukreti},
 booktitle = {Mathematical Statistician and Engineering Applications},
 journal = {Mathematical Statistician and Engineering Applications},
 title = {A Survey of Clustering Algorithms for High-Dimensional Data Mining},
 year = {2021}
}

@article{xie2025finchainas,
 author = {Zhuohan Xie and Dhruv Sahnan and Debopriyo Banerjee and Georgi N. Georgiev and Rushil Thareja and Hachem Madmoun and Jinyan Su and Aaryamonvikram Singh and Yuxia Wang and Rui Xing and Fajri Koto and Haonan Li and Ivan Koychev and Tanmoy Chakraborty and Salem Lahlou and Veselin Stoyanov and Preslav Nakov},
 booktitle = {arXiv.org},
 journal = {ArXiv},
 title = {FinChain: A Symbolic Benchmark for Verifiable Chain-of-Thought Financial Reasoning},
 volume = {abs/2506.02515},
 year = {2025}
}

@article{ylmaz2016apf,
 author = {Özgür Yılmaz and A. Garcez and Daniel L. Silver},
 booktitle = {NeSy@HLAI},
 title = {A Proposal for Common Dataset in Neural-Symbolic Reasoning Studies},
 year = {2016}
}
