%% LaTeX2e file `references.bib'
%% generated by the `filecontents' environment
%% from source `template' on 2025/08/16.
%%
@book{goodfellow2016deep,
  title={Deep learning},
  author={Goodfellow, Ian and Bengio, Yoshua and Courville, Aaron and Bengio, Yoshua},
  volume={1},
  year={2016},
  publisher={MIT Press}
}

@inproceedings{garcez2012neuralsymbolicls,
 author = {A. Garcez and K. Broda and D. Gabbay},
 booktitle = {Perspectives in Neural Computing},
 pages = {I-XIII, 1-271},
 title = {Neural-symbolic learning systems - foundations and applications},
 year = {2012}
}

@article{kuo2020encodingfa,
 author = {Yen-Ling Kuo and B. Katz and Andrei Barbu},
 booktitle = {IEEE/RJS International Conference on Intelligent RObots and Systems},
 journal = {2020 IEEE/RSJ International Conference on Intelligent Robots and Systems (IROS)},
 pages = {5604-5610},
 title = {Encoding formulas as deep networks: Reinforcement learning for zero-shot execution of LTL formulas},
 year = {2020}
}

@article{yang2024mminstructevalze,
 author = {Xiaocui Yang and Wenfang Wu and Shi Feng and Ming Wang and Daling Wang and Yang Li and Qi Sun and Yifei Zhang and Xiaoming Fu and Soujanya Poria},
 booktitle = {Information Fusion},
 journal = {ArXiv},
 title = {MM-InstructEval: Zero-Shot Evaluation of (Multimodal) Large Language Models on Multimodal Reasoning Tasks},
 volume = {abs/2405.07229},
 year = {2024}
}

@article{nagar2024zeroshotvr,
 author = {Aishik Nagar and Shantanu Jaiswal and Cheston Tan},
 booktitle = {IEEE International Joint Conference on Neural Network},
 journal = {2024 International Joint Conference on Neural Networks (IJCNN)},
 pages = {1-8},
 title = {Zero-Shot Visual Reasoning by Vision-Language Models: Benchmarking and Analysis},
 year = {2024}
}

@article{yuasa2025neurosymbolicgo,
 author = {Mikihisa Yuasa and R. Sreenivas and Huy T. Tran},
 booktitle = {arXiv.org},
 journal = {ArXiv},
 title = {Neuro-Symbolic Generation of Explanations for Robot Policies with Weighted Signal Temporal Logic},
 volume = {abs/2504.21841},
 year = {2025}
}

@article{hieber2017sockeyeat,
 author = {F. Hieber and Tobias Domhan and Michael J. Denkowski and David Vilar and Artem Sokolov and Ann Clifton and Matt Post},
 booktitle = {arXiv.org},
 journal = {ArXiv},
 title = {Sockeye: A Toolkit for Neural Machine Translation},
 volume = {abs/1712.05690},
 year = {2017}
}

@article{burghouts2024openworldvr,
 author = {G. Burghouts and Fieke Hillerstr√∂m and Erwin Walraven and M. V. Bekkum and Frank Ruis and J. Sijs and Jelle van Mil and Judith Dijk},
 booktitle = {International Conferences on Pattern Recognition and Artificial Intelligence},
 pages = {62-75},
 title = {Open-World Visual Reasoning by a Neuro-Symbolic Program of Zero-Shot Symbols},
 year = {2024}
}

@article{yu2023ann,
 author = {Dongran Yu and Xueyan Liu and Shirui Pan and Anchen Li and Bo Yang},
 booktitle = {arXiv.org},
 journal = {ArXiv},
 title = {A Novel Neural-symbolic System under Statistical Relational Learning},
 volume = {abs/2309.08931},
 year = {2023}
}

@conference{himabindu2023neurosymbolicai,
 author = {Modi Himabindu and Revathi V and Manish Gupta and Ajay Rana and Pradeep Kumar Chandra and H. S. Abdulaali},
 booktitle = {IEEE Uttar Pradesh Section International Conference on Electrical, Computer and Electronics Engineering},
 journal = {2023 10th IEEE Uttar Pradesh Section International Conference on Electrical, Electronics and Computer Engineering (UPCON)},
 pages = {1587-1592},
 title = {Neuro-Symbolic AI: Integrating Symbolic Reasoning with Deep Learning},
 volume = {10},
 year = {2023}
}
