%% LaTeX2e file `references.bib'
%% generated by the `filecontents' environment
%% from source `template' on 2025/08/17.
%%
@book{goodfellow2016deep,
  title={Deep learning},
  author={Goodfellow, Ian and Bengio, Yoshua and Courville, Aaron and Bengio, Yoshua},
  volume={1},
  year={2016},
  publisher={MIT Press}
}

@article{chudasama2025towardih,
 author = {Yasharajsinh Chudasama and Hao Huang and Disha Purohit and Maria-Esther Vidal},
 booktitle = {IEEE Access},
 journal = {IEEE Access},
 pages = {39489-39509},
 title = {Toward Interpretable Hybrid AI: Integrating Knowledge Graphs and Symbolic Reasoning in Medicine},
 volume = {13},
 year = {2025}
}

@article{doula2024nesymofan,
 author = {Achref Doula and Huijie Yin and Max Mühlhäuser and Alejandro Sánchez Guinea},
 booktitle = {IEEE/RJS International Conference on Intelligent RObots and Systems},
 journal = {2024 IEEE/RSJ International Conference on Intelligent Robots and Systems (IROS)},
 pages = {919-926},
 title = {NeSyMoF: A Neuro-Symbolic Model for Motion Forecasting},
 year = {2024}
}

@article{shah2024causallm,
 author = {Kulin Shah and Nishanth Dikkala and Xin Wang and Rina Panigrahy},
 booktitle = {Neural Information Processing Systems},
 journal = {ArXiv},
 title = {Causal Language Modeling Can Elicit Search and Reasoning Capabilities on Logic Puzzles},
 volume = {abs/2409.10502},
 year = {2024}
}

@article{mejri2024resolverr,
 author = {Mohamed Mejri and C. Amarnath and Abhijit Chatterjee},
 booktitle = {arXiv.org},
 journal = {ArXiv},
 title = {RESOLVE: Relational Reasoning with Symbolic and Object-Level Features Using Vector Symbolic Processing},
 volume = {abs/2411.08290},
 year = {2024}
}

@article{xie2025finchainas,
 author = {Zhuohan Xie and Dhruv Sahnan and Debopriyo Banerjee and Georgi N. Georgiev and Rushil Thareja and Hachem Madmoun and Jinyan Su and Aaryamonvikram Singh and Yuxia Wang and Rui Xing and Fajri Koto and Haonan Li and Ivan Koychev and Tanmoy Chakraborty and Salem Lahlou and Veselin Stoyanov and Preslav Nakov},
 booktitle = {arXiv.org},
 journal = {ArXiv},
 title = {FinChain: A Symbolic Benchmark for Verifiable Chain-of-Thought Financial Reasoning},
 volume = {abs/2506.02515},
 year = {2025}
}

@article{hossain2022rulebasedcb,
 author = {Sayed Kaes Maruf Hossain and Sajia Afrin Ema and Hansuk Sohn},
 booktitle = {Applied Computational Intelligence and Soft Computing},
 journal = {Appl. Comput. Intell. Soft Comput.},
 pages = {2232000:1-2232000:17},
 title = {Rule-Based Classification Based on Ant Colony Optimization: A Comprehensive Review},
 volume = {2022},
 year = {2022}
}

@article{fila2024mitigatingoi,
 author = {Rudy J.J Boussi Fila and S. Attri and Vivek Sharma},
 booktitle = {2024 IEEE Region 10 Symposium (TENSYMP)},
 journal = {2024 IEEE Region 10 Symposium (TENSYMP)},
 pages = {1-6},
 title = {Mitigating Overfitting in Deep Learning: Insights from Bayesian Regularization},
 year = {2024}
}

@article{wan2024towardsca,
 author = {Zishen Wan and Che-Kai Liu and Hanchen Yang and Chaojian Li and Haoran You and Yonggan Fu and Cheng Wan and Tushar Krishna and Y. Lin and A. Raychowdhury},
 booktitle = {arXiv.org},
 journal = {ArXiv},
 title = {Towards Cognitive AI Systems: a Survey and Prospective on Neuro-Symbolic AI},
 volume = {abs/2401.01040},
 year = {2024}
}

@article{wang2022towardsdk,
 author = {Wenguan Wang and Yi Yang},
 booktitle = {arXiv.org},
 journal = {ArXiv},
 title = {Towards Data-and Knowledge-Driven Artificial Intelligence: A Survey on Neuro-Symbolic Computing},
 volume = {abs/2210.15889},
 year = {2022}
}
