
% The selected paper introduces SimCLR, a foundational framework for contrastive learning that simplifies prior methods and achieves state-of-the-art performance in self-supervised learning. It is highly relevant to this research as it provides the baseline methodology for designing contrastive learning frameworks. This citation should be included when discussing contrastive learning and its foundational principles in the Related Work and Methodology sections.
@article{chen2020asf,
 author = {Ting Chen and Simon Kornblith and Mohammad Norouzi and Geoffrey E. Hinton},
 booktitle = {International Conference on Machine Learning},
 journal = {ArXiv},
 title = {A Simple Framework for Contrastive Learning of Visual Representations},
 volume = {abs/2002.05709},
 year = {2020}
}

% The paper 'Systematic Abductive Reasoning via Diverse Relation Representations in Vector-symbolic Architecture' discusses the limitations of generalization in symbolic reasoning tasks and introduces a novel framework for systematic abductive reasoning using diverse relation representations. This is relevant to the Related Work section, as it highlights the challenges in symbolic reasoning that the proposed method seeks to address, providing a foundation for discussing research gaps in the field.
@article{sun2025systematicar,
 author = {Zhong-Hua Sun and Rui Zhang and Zonglei Zhen and Da-Hui Wang and Yong-Jie Li and Xiaohong Wan and Hongzhi You},
 booktitle = {arXiv.org},
 journal = {ArXiv},
 title = {Systematic Abductive Reasoning via Diverse Relation Representations in Vector-symbolic Architecture},
 volume = {abs/2501.11896},
 year = {2025}
}

% This paper discusses a technique combining denoising autoencoders and contrastive learning with a new data augmentation approach. It is relevant to the proposed context-aware contrastive learning framework, particularly for describing advanced data augmentation and denoising methods. This citation should be included in the Related Work section when discussing how to enhance contrastive learning for symbolic sequences.
@article{lopez-avila2024combiningda,
 author = {Alejo Lopez-Avila and Víctor Suárez-Paniagua},
 booktitle = {Conference on Empirical Methods in Natural Language Processing},
 journal = {ArXiv},
 title = {Combining Denoising Autoencoders with Contrastive Learning to fine-tune Transformer Models},
 volume = {abs/2405.14437},
 year = {2024}
}
