%% LaTeX2e file `references.bib'
%% generated by the `filecontents' environment
%% from source `template' on 2025/08/15.
%%
@book{goodfellow2016deep,
  title={Deep learning},
  author={Goodfellow, Ian and Bengio, Yoshua and Courville, Aaron and Bengio, Yoshua},
  volume={1},
  year={2016},
  publisher={MIT Press}
}

@article{tsamoura2020neuralsymbolicia,
 author = {Efthymia Tsamoura and Loizos Michael},
 booktitle = {AAAI Conference on Artificial Intelligence},
 pages = {5051-5060},
 title = {Neural-Symbolic Integration: A Compositional Perspective},
 year = {2020}
}

@article{mul2019siamesern,
 author = {Mathijs Mul and Willem H. Zuidema},
 booktitle = {arXiv.org},
 journal = {ArXiv},
 title = {Siamese recurrent networks learn first-order logic reasoning and exhibit zero-shot compositional generalization},
 volume = {abs/1906.00180},
 year = {2019}
}

@article{yuasa2025neurosymbolicgo,
 author = {Mikihisa Yuasa and R. Sreenivas and Huy T. Tran},
 booktitle = {AAAI Spring Symposia},
 pages = {90-99},
 title = {Neuro-Symbolic Generation of Explanations for Robot Policies with Weighted Signal Temporal Logic},
 year = {2025}
}

@article{xu2024macab,
 author = {Shuo Xu and Sai Wang and Xinyue Hu and Yutian Lin and Bo Du and Yu Wu},
 booktitle = {arXiv.org},
 journal = {ArXiv},
 title = {MAC: A Benchmark for Multiple Attributes Compositional Zero-Shot Learning},
 volume = {abs/2406.12757},
 year = {2024}
}

@article{dickens2024modelingpf,
 author = {Charles Dickens and Connor Pryor and Lise Getoor},
 booktitle = {AAAI Spring Symposia},
 pages = {90-99},
 title = {Modeling Patterns for Neural-Symbolic Reasoning Using Energy-based Models},
 year = {2024}
}

@article{chung2014empiricaleo,
 author = {Junyoung Chung and Çaglar Gülçehre and Kyunghyun Cho and Yoshua Bengio},
 booktitle = {arXiv.org},
 journal = {ArXiv},
 title = {Empirical Evaluation of Gated Recurrent Neural Networks on Sequence Modeling},
 volume = {abs/1412.3555},
 year = {2014}
}
