%% LaTeX2e file `references.bib'
%% generated by the `filecontents' environment
%% from source `template' on 2025/08/31.
%%
@book{goodfellow2016deep,
  title={Deep learning},
  author={Goodfellow, Ian and Bengio, Yoshua and Courville, Aaron and Bengio, Yoshua},
  volume={1},
  year={2016},
  publisher={MIT Press}
}

@article{kipf2016semisupervisedcw,
 author = {Thomas Kipf and M. Welling},
 booktitle = {International Conference on Learning Representations},
 journal = {ArXiv},
 title = {Semi-Supervised Classification with Graph Convolutional Networks},
 volume = {abs/1609.02907},
 year = {2016}
}

@article{khalid2024systematicrr,
 author = {Irtaza Khalid and S. Schockaert},
 booktitle = {International Conference on Learning Representations},
 title = {Systematic Relational Reasoning With Epistemic Graph Neural Networks},
 year = {2024}
}

@article{barbiero2023interpretablenc,
 author = {Pietro Barbiero and Gabriele Ciravegna and Francesco Giannini and Mateo Espinosa Zarlenga and Lucie Charlotte Magister and A. Tonda and Pietro Lio' and F. Precioso and M. Jamnik and G. Marra},
 booktitle = {International Workshop on Neural-Symbolic Learning and Reasoning},
 journal = {ArXiv},
 title = {Interpretable Neural-Symbolic Concept Reasoning},
 volume = {abs/2304.14068},
 year = {2023}
}

@conference{himabindu2023neurosymbolicai,
 author = {Modi Himabindu and Revathi V and Manish Gupta and Ajay Rana and Pradeep Kumar Chandra and H. S. Abdulaali},
 booktitle = {IEEE Uttar Pradesh Section International Conference on Electrical, Computer and Electronics Engineering},
 journal = {2023 10th IEEE Uttar Pradesh Section International Conference on Electrical, Electronics and Computer Engineering (UPCON)},
 pages = {1587-1592},
 title = {Neuro-Symbolic AI: Integrating Symbolic Reasoning with Deep Learning},
 volume = {10},
 year = {2023}
}

@article{hamilton2017inductiverl,
 author = {William L. Hamilton and Z. Ying and J. Leskovec},
 booktitle = {Neural Information Processing Systems},
 journal = {ArXiv},
 title = {Inductive Representation Learning on Large Graphs},
 volume = {abs/1706.02216},
 year = {2017}
}

@article{uddin2019addressingap,
 author = {M. Uddin},
 booktitle = {Information Technology Trends},
 journal = {2019 Sixth HCT Information Technology Trends (ITT)},
 pages = {319-324},
 title = {Addressing Accuracy Paradox Using Enhanched Weighted Performance Metric in Machine Learning},
 year = {2019}
}

@article{ylmaz2016apf,
 author = {Özgür Yılmaz and A. Garcez and Daniel L. Silver},
 booktitle = {NeSy@HLAI},
 title = {A Proposal for Common Dataset in Neural-Symbolic Reasoning Studies},
 year = {2016}
}

@article{liao2022scarasg,
 author = {Ningyi Liao and Dingheng Mo and Siqiang Luo and Xiang Li and Pengcheng Yin},
 booktitle = {Proceedings of the VLDB Endowment},
 journal = {ArXiv},
 title = {SCARA: Scalable Graph Neural Networks with Feature-Oriented Optimization},
 volume = {abs/2207.09179},
 year = {2022}
}

@article{khemani2024aro,
 author = {Bharti Khemani and S. Patil and K. Kotecha and Sudeep Tanwar},
 booktitle = {Journal of Big Data},
 journal = {Journal of Big Data},
 pages = {1-43},
 title = {A review of graph neural networks: concepts, architectures, techniques, challenges, datasets, applications, and future directions},
 volume = {11},
 year = {2024}
}
