%% LaTeX2e file `references.bib'
%% generated by the `filecontents' environment
%% from source `template' on 2025/08/18.
%%
@book{goodfellow2016deep,
  title={Deep learning},
  author={Goodfellow, Ian and Bengio, Yoshua and Courville, Aaron and Bengio, Yoshua},
  volume={1},
  year={2016},
  publisher={MIT Press}
}

@article{vaswani2017attentionia,
 author = {Ashish Vaswani and Noam M. Shazeer and Niki Parmar and Jakob Uszkoreit and Llion Jones and Aidan N. Gomez and Lukasz Kaiser and I. Polosukhin},
 booktitle = {Neural Information Processing Systems},
 pages = {5998-6008},
 title = {Attention is All you Need},
 year = {2017}
}

@article{graves2014neuraltm,
 author = {Alex Graves and Greg Wayne and Ivo Danihelka},
 booktitle = {arXiv.org},
 journal = {ArXiv},
 title = {Neural Turing Machines},
 volume = {abs/1410.5401},
 year = {2014}
}

@article{noorbakhsh2021pretrainedlm,
 author = {Kimia Noorbakhsh and Modar Sulaiman and M. Sharifi and Kallol Roy and Pooyan Jamshidi},
 booktitle = {arXiv.org},
 journal = {ArXiv},
 title = {Pretrained Language Models are Symbolic Mathematics Solvers too!},
 volume = {abs/2110.03501},
 year = {2021}
}

@article{xie2025finchainas,
 author = {Zhuohan Xie and Dhruv Sahnan and Debopriyo Banerjee and Georgi N. Georgiev and Rushil Thareja and Hachem Madmoun and Jinyan Su and Aaryamonvikram Singh and Yuxia Wang and Rui Xing and Fajri Koto and Haonan Li and Ivan Koychev and Tanmoy Chakraborty and Salem Lahlou and Veselin Stoyanov and Preslav Nakov},
 booktitle = {arXiv.org},
 journal = {ArXiv},
 title = {FinChain: A Symbolic Benchmark for Verifiable Chain-of-Thought Financial Reasoning},
 volume = {abs/2506.02515},
 year = {2025}
}

@article{ylmaz2016apf,
 author = {Özgür Yılmaz and A. Garcez and Daniel L. Silver},
 booktitle = {NeSy@HLAI},
 title = {A Proposal for Common Dataset in Neural-Symbolic Reasoning Studies},
 year = {2016}
}

@article{pan2024asr,
 author = {Yudai Pan and Jun Liu and Tianzhe Zhao and Lingling Zhang and Yun Lin and J. Dong},
 booktitle = {The Web Conference},
 journal = {Proceedings of the ACM Web Conference 2024},
 title = {A Symbolic Rule Integration Framework with Logic Transformer for Inductive Relation Prediction},
 year = {2024}
}
