%% LaTeX2e file `references.bib'
%% generated by the `filecontents' environment
%% from source `template' on 2025/08/31.
%%
@book{goodfellow2016deep,
  title={Deep learning},
  author={Goodfellow, Ian and Bengio, Yoshua and Courville, Aaron and Bengio, Yoshua},
  volume={1},
  year={2016},
  publisher={MIT Press}
}

@inproceedings{hamerly2017acceleratingla,
 author = {Greg Hamerly and Jonathan Drake},
 title = {Accelerating Lloydâ€™s Algorithm for k-Means Clustering},
 year = {2017}
}

@article{devlin2019bertpo,
 author = {Jacob Devlin and Ming-Wei Chang and Kenton Lee and Kristina Toutanova},
 booktitle = {North American Chapter of the Association for Computational Linguistics},
 pages = {4171-4186},
 title = {BERT: Pre-training of Deep Bidirectional Transformers for Language Understanding},
 year = {2019}
}

@article{shahapure2020clusterqa,
 author = {K. Shahapure and Charles K. Nicholas},
 booktitle = {International Conference on Data Science and Advanced Analytics},
 journal = {2020 IEEE 7th International Conference on Data Science and Advanced Analytics (DSAA)},
 pages = {747-748},
 title = {Cluster Quality Analysis Using Silhouette Score},
 year = {2020}
}

@article{weis2020benchmarkinguo,
 author = {Marissa A. Weis and Kashyap Chitta and Yash Sharma and Wieland Brendel and M. Bethge and Andreas Geiger and Alexander S. Ecker},
 booktitle = {Journal of machine learning research},
 journal = {J. Mach. Learn. Res.},
 pages = {183:1-183:61},
 title = {Benchmarking Unsupervised Object Representations for Video Sequences},
 volume = {22},
 year = {2020}
}

@article{rajotia2025principalca,
 author = {Meghana Singh Rajotia and D. Vart and A. Dashora and Rao Pankaj and Harshdeep and Jyoti , Neeraj Kharor and S. K. Pahuja},
 booktitle = {Ecology, environment & conservation},
 journal = {Ecology, Environment and Conservation},
 title = {Principal Component Analysis approach for Rancidity and Grain Yield Traits in Pearl Millet},
 year = {2025}
}

@article{snell2017prototypicalnf,
 author = {Jake Snell and Kevin Swersky and R. Zemel},
 booktitle = {Neural Information Processing Systems},
 pages = {4077-4087},
 title = {Prototypical Networks for Few-shot Learning},
 year = {2017}
}

@article{barbiero2023interpretablenc,
 author = {Pietro Barbiero and Gabriele Ciravegna and Francesco Giannini and Mateo Espinosa Zarlenga and Lucie Charlotte Magister and A. Tonda and Pietro Lio' and F. Precioso and M. Jamnik and G. Marra},
 booktitle = {International Workshop on Neural-Symbolic Learning and Reasoning},
 journal = {ArXiv},
 title = {Interpretable Neural-Symbolic Concept Reasoning},
 volume = {abs/2304.14068},
 year = {2023}
}

@article{jeong2025symbolnetbl,
 author = {SungHeon Jeong and Hyungjoon Kim and Yoojeong Song},
 booktitle = {IEEE Access},
 journal = {IEEE Access},
 pages = {78221-78230},
 title = {SymbolNet: Bridging Latent Neural Representations and Symbolic Reasoning via Intermediate Feature Interpretation},
 volume = {13},
 year = {2025}
}

@article{morishita2024enhancingrc,
 author = {Terufumi Morishita and Gaku Morio and Atsuki Yamaguchi and Yasuhiro Sogawa},
 booktitle = {Neural Information Processing Systems},
 journal = {ArXiv},
 title = {Enhancing Reasoning Capabilities of LLMs via Principled Synthetic Logic Corpus},
 volume = {abs/2411.12498},
 year = {2024}
}

@article{bereta2025theso,
 author = {Pola Bereta and Ioannis Diamantis},
 booktitle = {arXiv.org},
 journal = {ArXiv},
 title = {The Shape of Consumer Behavior: A Symbolic and Topological Analysis of Time Series},
 volume = {abs/2506.19759},
 year = {2025}
}
