%% LaTeX2e file `references.bib'
%% generated by the `filecontents' environment
%% from source `template' on 2025/08/16.
%%
@book{goodfellow2016deep,
  title={Deep learning},
  author={Goodfellow, Ian and Bengio, Yoshua and Courville, Aaron and Bengio, Yoshua},
  volume={1},
  year={2016},
  publisher={MIT Press}
}

@article{chakraborty2020gsimclrsc,
 author = {Souradip Chakraborty and A. R. Gosthipaty and Sayak Paul},
 booktitle = {2020 International Conference on Data Mining Workshops (ICDMW)},
 journal = {2020 International Conference on Data Mining Workshops (ICDMW)},
 pages = {912-916},
 title = {G-SimCLR: Self-Supervised Contrastive Learning with Guided Projection via Pseudo Labelling},
 year = {2020}
}

@article{sun2025systematicar,
 author = {Zhong-Hua Sun and Rui Zhang and Zonglei Zhen and Da-Hui Wang and Yong-Jie Li and Xiaohong Wan and Hongzhi You},
 booktitle = {arXiv.org},
 journal = {ArXiv},
 title = {Systematic Abductive Reasoning via Diverse Relation Representations in Vector-symbolic Architecture},
 volume = {abs/2501.11896},
 year = {2025}
}

@inproceedings{choi2025similarityguideddf,
 author = {Jinkyeong Choi and Yejin Noh and Donghyeon Park},
 title = {Similarity-Guided Diffusion for Contrastive Sequential Recommendation},
 year = {2025}
}

@article{kim2024semisupervisedcl,
 author = {Dokyun Kim and Sukhyun Cho and Heewoong Chae and Jonghun Park and Jaeseok Huh},
 booktitle = {Intelligent Data Analysis},
 journal = {Intelligent Data Analysis},
 pages = {94 - 115},
 title = {Semi-supervised contrastive learning with decomposition-based data augmentation for time series classification},
 volume = {29},
 year = {2024}
}
