
% This work discusses a compositional framework for integrating neural and symbolic systems as modular components, which is directly relevant to the methodology proposed in this paper. It will be cited in the methodology section to provide foundational context for the neural-symbolic integration approach used in the model.
@article{tsamoura2020neuralsymbolicia,
 author = {Efthymia Tsamoura and Loizos Michael},
 booktitle = {AAAI Conference on Artificial Intelligence},
 pages = {5051-5060},
 title = {Neural-Symbolic Integration: A Compositional Perspective},
 year = {2020}
}

% This paper discusses a neural-symbolic prompting method for complex reasoning tasks using code as intermediate steps, providing both zero-shot and few-shot versions. It is relevant to support the discussion on zero-shot reasoning capabilities and neural-symbolic integration in the methodology section of the paper.
@article{hu2023codepa,
 author = {Y. Hu and Haotong Yang and Zhouchen Lin and Muhan Zhang},
 booktitle = {arXiv.org},
 journal = {ArXiv},
 title = {Code Prompting: a Neural Symbolic Method for Complex Reasoning in Large Language Models},
 volume = {abs/2305.18507},
 year = {2023}
}

% This paper discusses zero-shot learning methodologies applied to land cover classification using convolutional neural networks. It includes an exploration of feature extraction, class signature prediction, and evaluation metrics such as precision and F1-score. This is relevant to the methodology and experiment sections of the paper, as it provides foundational insights into zero-shot learning frameworks and evaluation strategies.
@article{pradhan2020unseenlc,
 author = {B. Pradhan and H. Al-Najjar and M. I. Sameen and I. Tsang and A. Al-amri},
 booktitle = {Remote Sensing},
 journal = {Remote. Sens.},
 pages = {1676},
 title = {Unseen Land Cover Classification from High-Resolution Orthophotos Using Integration of Zero-Shot Learning and Convolutional Neural Networks},
 volume = {12},
 year = {2020}
}

% The KANDY Benchmark provides a framework for symbolic reasoning tasks inspired by Kandinsky patterns, focusing on compositionality and continual learning. This work is relevant for discussing the context and importance of benchmarks like SPR_BENCH in symbolic reasoning evaluation and will be cited in the experiments section to provide background on symbolic reasoning benchmarks.
@article{lorello2024thekb,
 author = {Luca Salvatore Lorello and Marco Lippi and S. Melacci},
 booktitle = {Machine-mediated learning},
 journal = {Mach. Learn.},
 pages = {161},
 title = {The KANDY Benchmark: Incremental Neuro-Symbolic Learning and Reasoning with Kandinsky Patterns},
 volume = {114},
 year = {2024}
}

% This paper proposes a neural-symbolic framework based on statistical relational learning (NSF-SRL) and evaluates its generalization performance on zero-shot learning tasks. It discusses the integration of deep learning with symbolic reasoning and provides insights into evaluation strategies. This is relevant for the methodology and experiments sections of the paper, particularly in discussing neural-symbolic frameworks and their evaluation metrics for zero-shot learning tasks.
@article{yu2023ann,
 author = {Dongran Yu and Xueyan Liu and Shirui Pan and Anchen Li and Bo Yang},
 booktitle = {arXiv.org},
 journal = {ArXiv},
 title = {A Novel Neural-symbolic System under Statistical Relational Learning},
 volume = {abs/2309.08931},
 year = {2023}
}
