%% LaTeX2e file `references.bib'
%% generated by the `filecontents' environment
%% from source `template' on 2025/08/30.
%%
@book{goodfellow2016deep,
  title={Deep learning},
  author={Goodfellow, Ian and Bengio, Yoshua and Courville, Aaron and Bengio, Yoshua},
  volume={1},
  year={2016},
  publisher={MIT Press}
}

@article{scarselli2009thegn,
 author = {F. Scarselli and M. Gori and A. Tsoi and M. Hagenbuchner and G. Monfardini},
 booktitle = {IEEE Transactions on Neural Networks},
 journal = {IEEE Transactions on Neural Networks},
 pages = {61-80},
 title = {The Graph Neural Network Model},
 volume = {20},
 year = {2009}
}

@article{fang2020symbolictf,
 author = {Belinda Fang and Elaine Yang and Fei Xie},
 booktitle = {arXiv.org},
 journal = {ArXiv},
 title = {Symbolic Techniques for Deep Learning: Challenges and Opportunities},
 volume = {abs/2010.02727},
 year = {2020}
}
