%% LaTeX2e file `references.bib'
%% generated by the `filecontents' environment
%% from source `template' on 2025/08/31.
%%
@book{goodfellow2016deep,
  title={Deep learning},
  author={Goodfellow, Ian and Bengio, Yoshua and Courville, Aaron and Bengio, Yoshua},
  volume={1},
  year={2016},
  publisher={MIT Press}
}

@article{ju2024aso,
 author = {Wei Ju and Siyu Yi and Yifan Wang and Zhiping Xiao and Zhengyan Mao and Hourun Li and Yiyang Gu and Yifang Qin and Nan Yin and Senzhang Wang and Xinwang Liu and Xiao Luo and Philip S. Yu and Ming Zhang},
 booktitle = {arXiv.org},
 journal = {ArXiv},
 title = {A Survey of Graph Neural Networks in Real world: Imbalance, Noise, Privacy and OOD Challenges},
 volume = {abs/2403.04468},
 year = {2024}
}

@article{schlichtkrull2017modelingrd,
 author = {M. Schlichtkrull and Thomas Kipf and Peter Bloem and Rianne van den Berg and Ivan Titov and M. Welling},
 booktitle = {Extended Semantic Web Conference},
 pages = {593-607},
 title = {Modeling Relational Data with Graph Convolutional Networks},
 year = {2017}
}

@article{gupta2020classweightedem,
 author = {Akhilesh Gupta and N. Tatbul and Ryan Marcus and Shengtian Zhou and Insup Lee and Justin Emile Gottschlich},
 booktitle = {arXiv.org},
 journal = {ArXiv},
 title = {Class-Weighted Evaluation Metrics for Imbalanced Data Classification},
 volume = {abs/2010.05995},
 year = {2020}
}
