%% LaTeX2e file `references.bib'
%% generated by the `filecontents' environment
%% from source `template' on 2025/08/16.
%%
@book{goodfellow2016deep,
  title={Deep learning},
  author={Goodfellow, Ian and Bengio, Yoshua and Courville, Aaron and Bengio, Yoshua},
  volume={1},
  year={2016},
  publisher={MIT Press}
}

@article{chen2020asf,
 author = {Ting Chen and Simon Kornblith and Mohammad Norouzi and Geoffrey E. Hinton},
 booktitle = {International Conference on Machine Learning},
 journal = {ArXiv},
 title = {A Simple Framework for Contrastive Learning of Visual Representations},
 volume = {abs/2002.05709},
 year = {2020}
}

@article{jia2025verificationlm,
 author = {Lin Jia and Wen-Chao Hu and Jiejing Shao and Lan-Zhe Guo and Yu-Feng Li},
 booktitle = {arXiv.org},
 journal = {ArXiv},
 title = {Verification Learning: Make Unsupervised Neuro-Symbolic System Feasible},
 volume = {abs/2503.12917},
 year = {2025}
}

@article{sileo2024scalingsl,
 author = {Damien Sileo},
 booktitle = {Conference on Empirical Methods in Natural Language Processing},
 journal = {ArXiv},
 title = {Scaling Synthetic Logical Reasoning Datasets with Context-Sensitive Declarative Grammars},
 volume = {abs/2406.11035},
 year = {2024}
}

@inproceedings{choi2025similarityguideddf,
 author = {Jinkyeong Choi and Yejin Noh and Donghyeon Park},
 title = {Similarity-Guided Diffusion for Contrastive Sequential Recommendation},
 year = {2025}
}

@article{agren2022thenl,
 author = {Wilhelm {\AA}gren},
 booktitle = {arXiv.org},
 journal = {ArXiv},
 title = {The NT-Xent loss upper bound},
 volume = {abs/2205.03169},
 year = {2022}
}

@article{patel2024tripletclipic,
 author = {Maitreya Patel and Abhiram Kusumba and Sheng Cheng and C. Kim and Tejas Gokhale and Chitta Baral and Yezhou Yang},
 booktitle = {Neural Information Processing Systems},
 journal = {ArXiv},
 title = {TripletCLIP: Improving Compositional Reasoning of CLIP via Synthetic Vision-Language Negatives},
 volume = {abs/2411.02545},
 year = {2024}
}

@article{chang2022embodiedsymboliccg,
 author = {Daniel T. Chang},
 booktitle = {arXiv.org},
 journal = {ArXiv},
 title = {Embodied-Symbolic Contrastive Graph Self-Supervised Learning for Molecular Graphs},
 volume = {abs/2205.06783},
 year = {2022}
}

@article{kulkarni2025scientifichg,
 author = {Adithya Kulkarni and Fatimah Alotaibi and Xinyue Zeng and Longfeng Wu and Tong Zeng and Barry Menglong Yao and Minqian Liu and Shuaicheng Zhang and Lifu Huang and Dawei Zhou},
 booktitle = {arXiv.org},
 journal = {ArXiv},
 title = {Scientific Hypothesis Generation and Validation: Methods, Datasets, and Future Directions},
 volume = {abs/2505.04651},
 year = {2025}
}
