%% LaTeX2e file `references.bib'
%% generated by the `filecontents' environment
%% from source `template' on 2025/08/31.
%%
@book{goodfellow2016deep,
  title={Deep learning},
  author={Goodfellow, Ian and Bengio, Yoshua and Courville, Aaron and Bengio, Yoshua},
  volume={1},
  year={2016},
  publisher={MIT Press}
}

@article{meng2024deepmcgcnmd,
 author = {Lei Meng and Zhonglin Ye and Yanlin Yang and Haixing Zhao},
 booktitle = {International Journal of Computational Intelligence Systems},
 journal = {Int. J. Comput. Intell. Syst.},
 pages = {41},
 title = {DeepMCGCN: Multi-channel Deep Graph Neural Networks},
 volume = {17},
 year = {2024}
}

@article{khalid2024systematicrr,
 author = {Irtaza Khalid and S. Schockaert},
 booktitle = {International Conference on Learning Representations},
 title = {Systematic Relational Reasoning With Epistemic Graph Neural Networks},
 year = {2024}
}

@article{proszewska2025bxaicdb,
 author = {Magdalena Proszewska and Tomasz Danel and Dawid Rymarczyk},
 booktitle = {arXiv.org},
 journal = {ArXiv},
 title = {B-XAIC Dataset: Benchmarking Explainable AI for Graph Neural Networks Using Chemical Data},
 volume = {abs/2505.22252},
 year = {2025}
}
