%% LaTeX2e file `references.bib'
%% generated by the `filecontents' environment
%% from source `template' on 2025/08/18.
%%
@book{goodfellow2016deep,
  title={Deep learning},
  author={Goodfellow, Ian and Bengio, Yoshua and Courville, Aaron and Bengio, Yoshua},
  volume={1},
  year={2016},
  publisher={MIT Press}
}

@article{graves2014neuraltm,
 author = {Alex Graves and Greg Wayne and Ivo Danihelka},
 booktitle = {arXiv.org},
 journal = {ArXiv},
 title = {Neural Turing Machines},
 volume = {abs/1410.5401},
 year = {2014}
}

@article{garcez2015neuralsymbolicla,
 author = {A. Garcez and Tarek R. Besold and L. D. Raedt and Peter Földiák and P. Hitzler and Thomas F. Icard and Kai-Uwe Kühnberger and L. Lamb and R. Miikkulainen and Daniel L. Silver},
 booktitle = {AAAI Spring Symposia},
 title = {Neural-Symbolic Learning and Reasoning: Contributions and Challenges},
 year = {2015}
}

@article{brinkmann2024ama,
 author = {Jannik Brinkmann and A. Sheshadri and Victor Levoso and Paul Swoboda and Christian Bartelt},
 booktitle = {Annual Meeting of the Association for Computational Linguistics},
 pages = {4082-4102},
 title = {A Mechanistic Analysis of a Transformer Trained on a Symbolic Multi-Step Reasoning Task},
 year = {2024}
}

@inproceedings{yang2025multiheadtp,
 author = {Tong Yang and Yu Huang and Yingbin Liang and Yuejie Chi},
 title = {Multi-head Transformers Provably Learn Symbolic Multi-step Reasoning via Gradient Descent},
 year = {2025}
}

@article{lu2021intergpsig,
 author = {Pan Lu and Ran Gong and Shibiao Jiang and Liang Qiu and Siyuan Huang and Xiaodan Liang and Song-Chun Zhu},
 booktitle = {Annual Meeting of the Association for Computational Linguistics},
 pages = {6774-6786},
 title = {Inter-GPS: Interpretable Geometry Problem Solving with Formal Language and Symbolic Reasoning},
 year = {2021}
}

@article{garcez2019neuralsymbolicca,
 author = {A. Garcez and M. Gori and L. Lamb and L. Serafini and Michael Spranger and S. Tran},
 booktitle = {FLAP},
 journal = {FLAP},
 pages = {611-632},
 title = {Neural-Symbolic Computing: An Effective Methodology for Principled Integration of Machine Learning and Reasoning},
 volume = {6},
 year = {2019}
}
