
% This paper introduces Graph Convolutional Networks (GCNs), which are foundational to understanding the use of GNNs for modeling relational and structural data. It provides theoretical insights and demonstrates the effectiveness of GCNs in semi-supervised learning tasks on graph-structured data. This work should be cited in the related work section to provide a foundational basis for the proposed use of GNNs in the SPR task.
@article{kipf2016semisupervisedcw,
 author = {Thomas Kipf and M. Welling},
 booktitle = {International Conference on Learning Representations},
 journal = {ArXiv},
 title = {Semi-Supervised Classification with Graph Convolutional Networks},
 volume = {abs/1609.02907},
 year = {2016}
}

% The paper 'Systematic Relational Reasoning With Epistemic Graph Neural Networks' introduces the Epistemic GNN (EpiGNN), a novel architecture designed for systematic reasoning in relational domains. This work is relevant to the SPR task as it highlights the strengths and limitations of GNNs in reasoning tasks and proposes solutions to improve generalization. It should be cited in the 'Related Work' section to support the use of GNNs for relational and structural reasoning.
@article{khalid2024systematicrr,
 author = {Irtaza Khalid and S. Schockaert},
 booktitle = {International Conference on Learning Representations},
 title = {Systematic Relational Reasoning With Epistemic Graph Neural Networks},
 year = {2024}
}

% Paper 0 ('Interpretable Neural-Symbolic Concept Reasoning') introduces a concept-based reasoning model that builds syntactic rule structures, relevant for the symbolic reasoning aspect of the SPR task. Paper 4 ('Neuro-Symbolic AI: Integrating Symbolic Reasoning with Deep Learning') provides an overview of neuro-symbolic integration, which contextualizes the SPR task's aim to combine structural reasoning with deep learning. These should be cited in the 'Related Work' section to frame the SPR task within the broader context of symbolic reasoning and neural-symbolic AI.
@article{barbiero2023interpretablenc,
 author = {Pietro Barbiero and Gabriele Ciravegna and Francesco Giannini and Mateo Espinosa Zarlenga and Lucie Charlotte Magister and A. Tonda and Pietro Lio' and F. Precioso and M. Jamnik and G. Marra},
 booktitle = {International Workshop on Neural-Symbolic Learning and Reasoning},
 journal = {ArXiv},
 title = {Interpretable Neural-Symbolic Concept Reasoning},
 volume = {abs/2304.14068},
 year = {2023}
}

@conference{himabindu2023neurosymbolicai,
 author = {Modi Himabindu and Revathi V and Manish Gupta and Ajay Rana and Pradeep Kumar Chandra and H. S. Abdulaali},
 booktitle = {IEEE Uttar Pradesh Section International Conference on Electrical, Computer and Electronics Engineering},
 journal = {2023 10th IEEE Uttar Pradesh Section International Conference on Electrical, Electronics and Computer Engineering (UPCON)},
 pages = {1587-1592},
 title = {Neuro-Symbolic AI: Integrating Symbolic Reasoning with Deep Learning},
 volume = {10},
 year = {2023}
}

% This paper introduces GraphSAGE, a general inductive framework for representation learning on large graphs. It is foundational to understanding the use of GraphSAGE in relational data modeling, which is utilized in the proposed work to enhance the SPR task. This work should be cited in the methods section to provide context for the model design and implementation.
@article{hamilton2017inductiverl,
 author = {William L. Hamilton and Z. Ying and J. Leskovec},
 booktitle = {Neural Information Processing Systems},
 journal = {ArXiv},
 title = {Inductive Representation Learning on Large Graphs},
 volume = {abs/1706.02216},
 year = {2017}
}

% The paper 'Addressing Accuracy Paradox Using Enhanced Weighted Performance Metric in Machine Learning' discusses the limitations of traditional accuracy metrics and introduces enhanced weighted metrics to address these limitations. This work is relevant to the SPR task as it provides context and justification for the use of weighted metrics such as Color-Weighted Accuracy (CWA) and Shape-Weighted Accuracy (SWA) in the evaluation process. It should be cited in the methods section to support the design of these metrics and their importance in benchmarking tasks.
@article{uddin2019addressingap,
 author = {M. Uddin},
 booktitle = {Information Technology Trends},
 journal = {2019 Sixth HCT Information Technology Trends (ITT)},
 pages = {319-324},
 title = {Addressing Accuracy Paradox Using Enhanched Weighted Performance Metric in Machine Learning},
 year = {2019}
}

% The paper 'A Proposal for Common Dataset in Neural-Symbolic Reasoning Studies' discusses the necessity and design of datasets for evaluating neural-symbolic reasoning tasks. This is relevant for framing the SPR_BENCH dataset used in this study, as it highlights the importance of tailored benchmarks in assessing reasoning capabilities. It should be cited in the methods section to contextualize the dataset design and its role in symbolic reasoning evaluation.
@article{ylmaz2016apf,
 author = {Özgür Yılmaz and A. Garcez and Daniel L. Silver},
 booktitle = {NeSy@HLAI},
 title = {A Proposal for Common Dataset in Neural-Symbolic Reasoning Studies},
 year = {2016}
}

% The paper 'SCARA: Scalable Graph Neural Networks with Feature-Oriented Optimization' presents a scalable GNN framework designed to handle billion-scale graphs efficiently. It introduces feature-oriented optimization to accelerate graph computation while maintaining high accuracy. This work is relevant to the 'Risk Factors and Limitations' section of the study, as it provides insights and techniques to address scalability issues in GNNs, particularly for large and complex datasets like those in the SPR task.
@article{liao2022scarasg,
 author = {Ningyi Liao and Dingheng Mo and Siqiang Luo and Xiang Li and Pengcheng Yin},
 booktitle = {Proceedings of the VLDB Endowment},
 journal = {ArXiv},
 title = {SCARA: Scalable Graph Neural Networks with Feature-Oriented Optimization},
 volume = {abs/2207.09179},
 year = {2022}
}

% This paper provides a comprehensive review of Graph Neural Networks (GNNs), including their architectures, techniques, applications, and practical challenges such as scalability, interpretability, and deployment in real-world scenarios. It is relevant to the 'Risk Factors and Limitations' section of the study, offering broader context on the challenges of applying GNNs to structured reasoning tasks like the SPR task.
@article{khemani2024aro,
 author = {Bharti Khemani and S. Patil and K. Kotecha and Sudeep Tanwar},
 booktitle = {Journal of Big Data},
 journal = {Journal of Big Data},
 pages = {1-43},
 title = {A review of graph neural networks: concepts, architectures, techniques, challenges, datasets, applications, and future directions},
 volume = {11},
 year = {2024}
}
