%% LaTeX2e file `references.bib'
%% generated by the `filecontents' environment
%% from source `template' on 2025/08/16.
%%
@book{goodfellow2016deep,
  title={Deep learning},
  author={Goodfellow, Ian and Bengio, Yoshua and Courville, Aaron and Bengio, Yoshua},
  volume={1},
  year={2016},
  publisher={MIT Press}
}

@article{chen2020asf,
 author = {Ting Chen and Simon Kornblith and Mohammad Norouzi and Geoffrey E. Hinton},
 booktitle = {International Conference on Machine Learning},
 journal = {ArXiv},
 title = {A Simple Framework for Contrastive Learning of Visual Representations},
 volume = {abs/2002.05709},
 year = {2020}
}

@article{kim2021neuralsm,
 author = {Segwang Kim and Hyoungwook Nam and Joonyoung Kim and Kyomin Jung},
 booktitle = {AAAI Conference on Artificial Intelligence},
 journal = {ArXiv},
 title = {Neural Sequence-to-grid Module for Learning Symbolic Rules},
 volume = {abs/2101.04921},
 year = {2021}
}

@article{lopez-avila2024combiningda,
 author = {Alejo Lopez-Avila and Víctor Suárez-Paniagua},
 booktitle = {Conference on Empirical Methods in Natural Language Processing},
 journal = {ArXiv},
 title = {Combining Denoising Autoencoders with Contrastive Learning to fine-tune Transformer Models},
 volume = {abs/2405.14437},
 year = {2024}
}

@article{lorello2024thekb,
 author = {Luca Salvatore Lorello and Marco Lippi and S. Melacci},
 booktitle = {Machine-mediated learning},
 journal = {Mach. Learn.},
 pages = {161},
 title = {The KANDY Benchmark: Incremental Neuro-Symbolic Learning and Reasoning with Kandinsky Patterns},
 volume = {114},
 year = {2024}
}

@article{khan2024c2daca,
 author = {Md. Al-Masrur Khan and Zheng Chen and Lantao Liu},
 booktitle = {arXiv.org},
 journal = {ArXiv},
 title = {C^2DA: Contrastive and Context-aware Domain Adaptive Semantic Segmentation},
 volume = {abs/2410.19748},
 year = {2024}
}
