%% LaTeX2e file `references.bib'
%% generated by the `filecontents' environment
%% from source `template' on 2025/08/31.
%%
@book{goodfellow2016deep,
  title={Deep learning},
  author={Goodfellow, Ian and Bengio, Yoshua and Courville, Aaron and Bengio, Yoshua},
  volume={1},
  year={2016},
  publisher={MIT Press}
}

@inproceedings{hartigan1979akc,
 author = {J. Hartigan and M. A. Wong},
 title = {A k-means clustering algorithm},
 year = {1979}
}

@article{devlin2019bertpo,
 author = {Jacob Devlin and Ming-Wei Chang and Kenton Lee and Kristina Toutanova},
 booktitle = {North American Chapter of the Association for Computational Linguistics},
 pages = {4171-4186},
 title = {BERT: Pre-training of Deep Bidirectional Transformers for Language Understanding},
 year = {2019}
}

@article{shutaywi2021silhouetteaf,
 author = {Meshal Shutaywi and N. Nezamoddini-Kachouie},
 booktitle = {Entropy},
 journal = {Entropy},
 title = {Silhouette Analysis for Performance Evaluation in Machine Learning with Applications to Clustering},
 volume = {23},
 year = {2021}
}

@article{cho2014learningpr,
 author = {Kyunghyun Cho and B. V. Merrienboer and Çaglar Gülçehre and Dzmitry Bahdanau and Fethi Bougares and Holger Schwenk and Yoshua Bengio},
 booktitle = {Conference on Empirical Methods in Natural Language Processing},
 pages = {1724-1734},
 title = {Learning Phrase Representations using RNN Encoder--Decoder for Statistical Machine Translation},
 year = {2014}
}

@article{uddin2019addressingap,
 author = {M. Uddin},
 booktitle = {Information Technology Trends},
 journal = {2019 Sixth HCT Information Technology Trends (ITT)},
 pages = {319-324},
 title = {Addressing Accuracy Paradox Using Enhanched Weighted Performance Metric in Machine Learning},
 year = {2019}
}

@article{pasupuleti2025cognitivead,
 author = {Murali Krishna Pasupuleti},
 booktitle = {International Journal of Academic and Industrial Research Innovations(IJAIRI)},
 journal = {International Journal of Academic and Industrial Research Innovations(IJAIRI)},
 title = {Cognitive Algorithms: Designing Human-Like Reasoning in Machine Learning Systems},
 year = {2025}
}

@article{nazarczuk2020shopvrbav,
 author = {Michal Nazarczuk and K. Mikolajczyk},
 booktitle = {IEEE International Conference on Robotics and Automation},
 journal = {2020 IEEE International Conference on Robotics and Automation (ICRA)},
 pages = {6898-6904},
 title = {SHOP-VRB: A Visual Reasoning Benchmark for Object Perception},
 year = {2020}
}
