%% LaTeX2e file `references.bib'
%% generated by the `filecontents' environment
%% from source `template' on 2025/08/17.
%%
@book{goodfellow2016deep,
  title={Deep learning},
  author={Goodfellow, Ian and Bengio, Yoshua and Courville, Aaron and Bengio, Yoshua},
  volume={1},
  year={2016},
  publisher={MIT Press}
}

@article{korade2024unlockingml,
 author = {Deepak Mane Anand Magar Om Khode Sarvesh Koli Komal Bhat Prajwal Korade},
 booktitle = {Journal of Electrical Systems},
 journal = {Journal of Electrical Systems},
 title = {Unlocking Machine Learning Model Decisions: A Comparative Analysis of LIME and SHAP for Enhanced Interpretability},
 year = {2024}
}

@article{dong2019neurallm,
 author = {Honghua Dong and Jiayuan Mao and Tian Lin and Chong Wang and Lihong Li and Denny Zhou},
 booktitle = {International Conference on Learning Representations},
 journal = {ArXiv},
 title = {Neural Logic Machines},
 volume = {abs/1904.11694},
 year = {2019}
}

@article{barbiero2023interpretablenc,
 author = {Pietro Barbiero and Gabriele Ciravegna and Francesco Giannini and Mateo Espinosa Zarlenga and Lucie Charlotte Magister and A. Tonda and Pietro Lio' and F. Precioso and M. Jamnik and G. Marra},
 booktitle = {International Workshop on Neural-Symbolic Learning and Reasoning},
 journal = {ArXiv},
 title = {Interpretable Neural-Symbolic Concept Reasoning},
 volume = {abs/2304.14068},
 year = {2023}
}

@article{markeeva2024theca,
 author = {Larisa Markeeva and Sean McLeish and Borja Ibarz and Wilfried Bounsi and Olga Kozlova and Alex Vitvitskyi and Charles Blundell and Tom Goldstein and Avi Schwarzschild and Petar Velivckovi'c},
 booktitle = {arXiv.org},
 journal = {ArXiv},
 title = {The CLRS-Text Algorithmic Reasoning Language Benchmark},
 volume = {abs/2406.04229},
 year = {2024}
}

@article{wei2024neuralsl,
 author = {Bowen Wei and Ziwei Zhu},
 booktitle = {arXiv.org},
 journal = {ArXiv},
 title = {Neural Symbolic Logical Rule Learner for Interpretable Learning},
 volume = {abs/2408.11918},
 year = {2024}
}

@article{zaky2023performanceao,
 author = {Umar Zaky and Ahmad Naswin and Sumiyatun Sumiyatun and A. Murdiyanto},
 booktitle = {Indonesian Journal of Data and Science},
 journal = {Indonesian Journal of Data and Science},
 title = {Performance Analysis of the Decision Tree Classification Algorithm on the Water Quality and Potability Dataset},
 year = {2023}
}

@article{mehrotra2024neuralna,
 author = {Ravi Mehrotra},
 booktitle = {International Journal of Advanced Research},
 journal = {International Journal of Advanced Research},
 title = {NEURAL NETWORKS AND DEEP LEARNING: ENHANCING AI THROUGH NEURAL NETWORK OPTIMIZATION},
 year = {2024}
}
