%% LaTeX2e file `references.bib'
%% generated by the `filecontents' environment
%% from source `template' on 2025/08/30.
%%
@book{goodfellow2016deep,
  title={Deep learning},
  author={Goodfellow, Ian and Bengio, Yoshua and Courville, Aaron and Bengio, Yoshua},
  volume={1},
  year={2016},
  publisher={MIT Press}
}

@article{hamilton2017inductiverl,
 author = {William L. Hamilton and Z. Ying and J. Leskovec},
 booktitle = {Neural Information Processing Systems},
 journal = {ArXiv},
 title = {Inductive Representation Learning on Large Graphs},
 volume = {abs/1706.02216},
 year = {2017}
}

@article{vaswani2017attentionia,
 author = {Ashish Vaswani and Noam M. Shazeer and Niki Parmar and Jakob Uszkoreit and Llion Jones and Aidan N. Gomez and Lukasz Kaiser and I. Polosukhin},
 booktitle = {Neural Information Processing Systems},
 pages = {5998-6008},
 title = {Attention is All you Need},
 year = {2017}
}

@article{hochreiter1997longsm,
 author = {Sepp Hochreiter and J. Schmidhuber},
 booktitle = {Neural Computation},
 journal = {Neural Computation},
 pages = {1735-1780},
 title = {Long Short-Term Memory},
 volume = {9},
 year = {1997}
}

@article{meng2024deepmcgcnmd,
 author = {Lei Meng and Zhonglin Ye and Yanlin Yang and Haixing Zhao},
 booktitle = {International Journal of Computational Intelligence Systems},
 journal = {Int. J. Comput. Intell. Syst.},
 pages = {41},
 title = {DeepMCGCN: Multi-channel Deep Graph Neural Networks},
 volume = {17},
 year = {2024}
}

@article{khalid2024systematicrr,
 author = {Irtaza Khalid and S. Schockaert},
 booktitle = {International Conference on Learning Representations},
 title = {Systematic Relational Reasoning With Epistemic Graph Neural Networks},
 year = {2024}
}

@article{teney2019vpromab,
 author = {Damien Teney and Peng Wang and Jiewei Cao and Lingqiao Liu and Chunhua Shen and A. Hengel},
 booktitle = {AAAI Conference on Artificial Intelligence},
 pages = {12071-12078},
 title = {V-PROM: A Benchmark for Visual Reasoning Using Visual Progressive Matrices},
 year = {2019}
}
