
% The paper 'A Simple Framework for Contrastive Learning of Visual Representations' by Ting Chen et al. introduces SimCLR, a foundational framework for contrastive learning. It explains the principles, such as the importance of data augmentation and the NT-Xent loss, which are directly relevant to the proposed methodology in the context-aware contrastive learning framework. This citation should be included in the related work section to establish the theoretical background of contrastive learning.
@article{chen2020asf,
 author = {Ting Chen and Simon Kornblith and Mohammad Norouzi and Geoffrey E. Hinton},
 booktitle = {International Conference on Machine Learning},
 journal = {ArXiv},
 title = {A Simple Framework for Contrastive Learning of Visual Representations},
 volume = {abs/2002.05709},
 year = {2020}
}

% The paper 'NeSyCoCo: A Neuro-Symbolic Concept Composer for Compositional Generalization' discusses the challenges of compositional generalization and neuro-symbolic reasoning, including reliance on predefined predicates and difficulties in extracting symbolic representations. These issues are directly relevant to the SPR task, which involves symbolic reasoning over sequences. This citation should be included in the related work section to contextualize the challenges and advancements in neuro-symbolic reasoning for compositional tasks.
@article{kamali2024nesycocoan,
 author = {Danial Kamali and Elham J. Barezi and Parisa Kordjamshidi},
 booktitle = {arXiv.org},
 journal = {ArXiv},
 title = {NeSyCoCo: A Neuro-Symbolic Concept Composer for Compositional Generalization},
 volume = {abs/2412.15588},
 year = {2024}
}

% The paper 'Time-Series Representation Feature Refinement with a Learnable Masking Augmentation Framework in Contrastive Learning' introduces a learnable masking-augmentation strategy within a contrastive learning framework for time-series data. Its methodology aligns with the proposed use of token masking and augmentation strategies in the context-aware contrastive learning framework for symbolic reasoning tasks. It should be cited to support the effectiveness of augmentation techniques in enhancing representation learning and model generalization. This citation belongs in the related work section to establish the relevance of masking and augmentation techniques in contrastive learning.
@article{lee2024timeseriesrf,
 author = {Junyeop Lee and Insung Ham and Yongmin Kim and Hanseok Ko},
 booktitle = {Italian National Conference on Sensors},
 journal = {Sensors (Basel, Switzerland)},
 title = {Time-Series Representation Feature Refinement with a Learnable Masking Augmentation Framework in Contrastive Learning},
 volume = {24},
 year = {2024}
}

% The paper 'FinChain: A Symbolic Benchmark for Verifiable Chain-of-Thought Financial Reasoning' introduces a symbolic benchmark designed to evaluate multi-step reasoning with a focus on verifiable chain-of-thought processes. Its emphasis on parameterized templates, reasoning complexity, and evaluation metrics provides valuable context for understanding the importance of benchmarks like SPR_BENCH for symbolic reasoning. This citation should be included in the related work section to highlight the role of structured benchmarks in advancing symbolic reasoning tasks.
@article{xie2025finchainas,
 author = {Zhuohan Xie and Dhruv Sahnan and Debopriyo Banerjee and Georgi N. Georgiev and Rushil Thareja and Hachem Madmoun and Jinyan Su and Aaryamonvikram Singh and Yuxia Wang and Rui Xing and Fajri Koto and Haonan Li and Ivan Koychev and Tanmoy Chakraborty and Salem Lahlou and Veselin Stoyanov and Preslav Nakov},
 booktitle = {arXiv.org},
 journal = {ArXiv},
 title = {FinChain: A Symbolic Benchmark for Verifiable Chain-of-Thought Financial Reasoning},
 volume = {abs/2506.02515},
 year = {2025}
}

% The paper 'Contrastive Representation Learning for Cross-Domain Blood Cell Image Classification with Denoising Mechanism' introduces a contrastive learning framework that incorporates a denoising mechanism to enhance robustness and generalization across domain shifts. This is relevant to the proposed methodology, which involves denoising symbolic sequences to improve feature representation. The citation should be included in the related work section to support the argument for using denoising techniques within contrastive learning frameworks for symbolic reasoning tasks.
@article{fu2025contrastiverl,
 author = {Renyu Fu and Xiao Zheng and Hua Zhou and Chengfu Ji and Sen Xiang and Guanghui Yue and Tianyi Wang and Chang Tang},
 booktitle = {IEEE journal of biomedical and health informatics},
 journal = {IEEE journal of biomedical and health informatics},
 title = {Contrastive Representation Learning for Cross-Domain Blood Cell Image Classification with Denoising Mechanism.},
 volume = {PP},
 year = {2025}
}
