%% LaTeX2e file `references.bib'
%% generated by the `filecontents' environment
%% from source `template' on 2025/08/17.
%%
@book{goodfellow2016deep,
  title={Deep learning},
  author={Goodfellow, Ian and Bengio, Yoshua and Courville, Aaron and Bengio, Yoshua},
  volume={1},
  year={2016},
  publisher={MIT Press}
}

@article{hitzler2020neuralsymbolicia,
 author = {P. Hitzler and Federico Bianchi and Monireh Ebrahimi and Md Kamruzzaman Sarker},
 booktitle = {Semantic Web},
 journal = {Semantic Web},
 pages = {3-11},
 title = {Neural-symbolic integration and the Semantic Web},
 volume = {11},
 year = {2020}
}

@article{xu2022generativemn,
 author = {Bingrong Xu and Zhigang Zeng and Cheng Lian and Zhengming Ding},
 booktitle = {IEEE Transactions on Neural Networks and Learning Systems},
 journal = {IEEE Transactions on Neural Networks and Learning Systems},
 pages = {4054-4065},
 title = {Generative Mixup Networks for Zero-Shot Learning},
 volume = {36},
 year = {2022}
}

@article{lorello2024thekb,
 author = {Luca Salvatore Lorello and Marco Lippi and S. Melacci},
 booktitle = {Machine-mediated learning},
 journal = {Mach. Learn.},
 pages = {161},
 title = {The KANDY Benchmark: Incremental Neuro-Symbolic Learning and Reasoning with Kandinsky Patterns},
 volume = {114},
 year = {2024}
}

@conference{liu2024symbolicib,
 author = {Yunhao Liu and Zongkui He and Shiying Liu},
 booktitle = {2024 7th International Conference on Artificial Intelligence and Big Data (ICAIBD)},
 journal = {2024 7th International Conference on Artificial Intelligence and Big Data (ICAIBD)},
 pages = {77-81},
 title = {Symbolic Inference Based on Rule Instantiation},
 year = {2024}
}

@inproceedings{ye2025zeroshotca,
 author = {Gefan Ye and Lin Li and Kexin Li and Jun Xiao and Long Chen},
 title = {Zero-shot Compositional Action Recognition with Neural Logic Constraints},
 year = {2025}
}

@article{kamali2024nesycocoan,
 author = {Danial Kamali and Elham J. Barezi and Parisa Kordjamshidi},
 booktitle = {arXiv.org},
 journal = {ArXiv},
 title = {NeSyCoCo: A Neuro-Symbolic Concept Composer for Compositional Generalization},
 volume = {abs/2412.15588},
 year = {2024}
}

@article{wu2023symbolllmll,
 author = {Xiaoqian Wu and Yong-Lu Li and Jianhua Sun and Cewu Lu},
 booktitle = {Neural Information Processing Systems},
 journal = {ArXiv},
 title = {Symbol-LLM: Leverage Language Models for Symbolic System in Visual Human Activity Reasoning},
 volume = {abs/2311.17365},
 year = {2023}
}

@article{burghouts2024openworldvr,
 author = {G. Burghouts and Fieke Hillerstr√∂m and Erwin Walraven and M. V. Bekkum and Frank Ruis and J. Sijs and Jelle van Mil and Judith Dijk},
 booktitle = {International Conferences on Pattern Recognition and Artificial Intelligence},
 pages = {62-75},
 title = {Open-World Visual Reasoning by a Neuro-Symbolic Program of Zero-Shot Symbols},
 year = {2024}
}

@article{bosselut2020dynamicnk,
 author = {Antoine Bosselut and Ronan Le Bras and Yejin Choi},
 booktitle = {AAAI Conference on Artificial Intelligence},
 pages = {4923-4931},
 title = {Dynamic Neuro-Symbolic Knowledge Graph Construction for Zero-shot Commonsense Question Answering},
 year = {2020}
}
