%% LaTeX2e file `references.bib'
%% generated by the `filecontents' environment
%% from source `template' on 2025/08/17.
%%
@book{goodfellow2016deep,
  title={Deep learning},
  author={Goodfellow, Ian and Bengio, Yoshua and Courville, Aaron and Bengio, Yoshua},
  volume={1},
  year={2016},
  publisher={MIT Press}
}

@article{korade2024unlockingml,
 author = {Deepak Mane Anand Magar Om Khode Sarvesh Koli Komal Bhat Prajwal Korade},
 booktitle = {Journal of Electrical Systems},
 journal = {Journal of Electrical Systems},
 title = {Unlocking Machine Learning Model Decisions: A Comparative Analysis of LIME and SHAP for Enhanced Interpretability},
 year = {2024}
}

@article{dong2019neurallm,
 author = {Honghua Dong and Jiayuan Mao and Tian Lin and Chong Wang and Lihong Li and Denny Zhou},
 booktitle = {International Conference on Learning Representations},
 journal = {ArXiv},
 title = {Neural Logic Machines},
 volume = {abs/1904.11694},
 year = {2019}
}
