
% Paper 0 provides a computational perspective on the challenges and implications of neural-symbolic integration, useful for discussing the theoretical foundation and computational aspects of neural-symbolic systems. Paper 3 offers a historical and structured overview of neural-symbolic integration, providing essential background and context. These citations should be placed in the related work section to establish the theoretical basis and historical context of neural-symbolic systems.
@article{sir2024acp,
 author = {Gustav Šír},
 booktitle = {Neurosymbolic Artificial Intelligence},
 journal = {Neurosymbolic Artificial Intelligence},
 title = {A computational perspective on neural-symbolic integration},
 year = {2024}
}

@article{bader2005dimensionson,
 author = {Sebastian Bader and P. Hitzler},
 booktitle = {We Will Show Them!},
 pages = {167-194},
 title = {Dimensions of Neural-symbolic Integration - A Structured Survey},
 year = {2005}
}

% The paper 'A Survey of Zero-Shot Learning' provides a comprehensive overview of zero-shot learning, including its methods, categorizations, and applications. It is relevant to establishing the background and methodology for zero-shot reasoning in the proposed work and should be cited in the related work section to contextualize the proposed approach.
@article{wang2019aso,
 author = {Wei Wang and V. Zheng and Han Yu and C. Miao},
 booktitle = {ACM Transactions on Intelligent Systems and Technology},
 journal = {ACM Transactions on Intelligent Systems and Technology (TIST)},
 pages = {1 - 37},
 title = {A Survey of Zero-Shot Learning},
 volume = {10},
 year = {2019}
}

% Paper 0 (FinChain) introduces a benchmark designed for verifiable symbolic reasoning, offering insights into evaluating intermediate reasoning steps, which is relevant for discussing the use of benchmarks like SPR_BENCH in the proposed work. Paper 4 (A Proposal for Common Dataset in Neural-Symbolic Reasoning Studies) emphasizes the importance of standardized datasets for neural-symbolic reasoning, providing a broader context for the significance of systematic evaluation. These papers should be cited in the methodology section and related work to strengthen discussions on benchmarks and datasets.
@article{xie2025finchainas,
 author = {Zhuohan Xie and Dhruv Sahnan and Debopriyo Banerjee and Georgi N. Georgiev and Rushil Thareja and Hachem Madmoun and Jinyan Su and Aaryamonvikram Singh and Yuxia Wang and Rui Xing and Fajri Koto and Haonan Li and Ivan Koychev and Tanmoy Chakraborty and Salem Lahlou and Veselin Stoyanov and Preslav Nakov},
 booktitle = {arXiv.org},
 journal = {ArXiv},
 title = {FinChain: A Symbolic Benchmark for Verifiable Chain-of-Thought Financial Reasoning},
 volume = {abs/2506.02515},
 year = {2025}
}

@article{ylmaz2016apf,
 author = {Özgür Yılmaz and A. Garcez and Daniel L. Silver},
 booktitle = {NeSy@HLAI},
 title = {A Proposal for Common Dataset in Neural-Symbolic Reasoning Studies},
 year = {2016}
}

% Paper 0 provides insights into evaluating and understanding compositional embeddings in neural models, directly supporting the methodology section's proposed compositional embedding approach. Paper 4 discusses compositional reasoning in hierarchical models, such as the Linguistically Driven Graph Capsule Network, and its emphasis on generalization makes it relevant for the related work section to contextualize the neural-symbolic framework's goals.
@article{nagar2025howdt,
 author = {Aishik Nagar and Ishaan Singh Rawal and Mansi Dhanania and Cheston Tan},
 booktitle = {Annual Meeting of the Association for Computational Linguistics},
 pages = {21444-21461},
 title = {How do Transformer Embeddings Represent Compositions? A Functional Analysis},
 year = {2025}
}

@article{cao2020linguisticallydg,
 author = {Qingxing Cao and Xiaodan Liang and Keze Wang and Liang Lin},
 booktitle = {arXiv.org},
 journal = {ArXiv},
 title = {Linguistically Driven Graph Capsule Network for Visual Question Reasoning},
 volume = {abs/2003.10065},
 year = {2020}
}

% The paper 'RNNCTPs: A Neural Symbolic Reasoning Method Using Dynamic Knowledge Partitioning Technology' is relevant for discussing computational efficiency challenges in neural-symbolic systems. It introduces a method that addresses the inefficiency of traditional symbolic reasoning methods by dynamically partitioning knowledge for inference. This citation should be added to the section on risk factors and limitations to highlight approaches that tackle computational complexity in neural-symbolic frameworks.
@article{wu2022rnnctpsan,
 author = {Yu-hao Wu and Houyi Li},
 booktitle = {Knowledge-Based Systems},
 journal = {ArXiv},
 title = {RNNCTPs: A Neural Symbolic Reasoning Method Using Dynamic Knowledge Partitioning Technology},
 volume = {abs/2204.08810},
 year = {2022}
}

% This paper introduces a hierarchical and modularized neuro-symbolic integration framework, combining symbolic reasoning with neural networks to improve generalization in reinforcement learning tasks. It specifically employs program-based inductive biases to aid zero-shot learning. This work supports the theoretical and methodological approach of integrating neural and symbolic components in the proposed research and should be cited in the methodology section to strengthen the discussion on neuro-symbolic frameworks and generalization capabilities.
@article{li2025reinforcementlw,
 author = {Tao Li and Haozhe Lei and Mingsheng Yin and Yaqi Hu},
 booktitle = {arXiv.org},
 journal = {ArXiv},
 title = {Reinforcement Learning with Physics-Informed Symbolic Program Priors for Zero-Shot Wireless Indoor Navigation},
 volume = {abs/2506.22365},
 year = {2025}
}

% Paper 0 identifies future directions in zero-shot learning with a focus on irony detection, suggesting advances like hybrid symbolic-neural methods and contextual awareness. Paper 1 addresses challenges and future directions in neural-symbolic integration, emphasizing generalization and interpretability improvements. These papers support the 'Suggesting Future Research' category and should be cited in the discussion or conclusion to highlight potential advancements and open problems in the field.
@article{yi2025ironydr,
 author = {Peiling Yi and Yuhan Xia},
 booktitle = {IEEE Transactions on Artificial Intelligence},
 journal = {ArXiv},
 title = {Irony Detection, Reasoning and Understanding in Zero-shot Learning},
 volume = {abs/2501.16884},
 year = {2025}
}

@article{yu2023ann,
 author = {Dongran Yu and Xueyan Liu and Shirui Pan and Anchen Li and Bo Yang},
 booktitle = {arXiv.org},
 journal = {ArXiv},
 title = {A Novel Neural-symbolic System under Statistical Relational Learning},
 volume = {abs/2309.08931},
 year = {2023}
}

% The paper 'MAC: A Benchmark for Multiple Attributes Compositional Zero-Shot Learning' introduces a benchmark dataset designed for compositional zero-shot learning with multiple interrelated attributes, addressing issues of narrow attribute scope and annotation biases in existing datasets. This citation is relevant for discussing benchmarks and evaluation methods for compositional reasoning in zero-shot settings. It should be included in the methodology and experimental evaluation sections to support the use of Shape-Weighted Accuracy (SWA) and the evaluation of compositional reasoning in the proposed research.
@article{xu2024macab,
 author = {Shuo Xu and Sai Wang and Xinyue Hu and Yutian Lin and Bo Du and Yu Wu},
 booktitle = {arXiv.org},
 journal = {ArXiv},
 title = {MAC: A Benchmark for Multiple Attributes Compositional Zero-Shot Learning},
 volume = {abs/2406.12757},
 year = {2024}
}
