
% The paper 'A k-means clustering algorithm' by J. Hartigan and M. A. Wong (1979) is a foundational work on the K-Means clustering algorithm. This citation will be used to support the methodology section where the application of K-Means clustering to group symbolic glyphs based on latent features is described. It provides the original algorithmic framework that underpins the clustering approach in the study.
@inproceedings{hartigan1979akc,
 author = {J. Hartigan and M. A. Wong},
 title = {A k-means clustering algorithm},
 year = {1979}
}

% The paper 'BERT: Pre-training of Deep Bidirectional Transformers for Language Understanding' by Jacob Devlin et al. (2019) is the foundational work introducing BERT, a pre-trained language model used to extract latent features from symbolic sequences in this study. This citation will support the methodology section where BERT is used to represent symbolic glyphs in a latent feature space, enabling clustering and subsequent rule reasoning.
@article{devlin2019bertpo,
 author = {Jacob Devlin and Ming-Wei Chang and Kenton Lee and Kristina Toutanova},
 booktitle = {North American Chapter of the Association for Computational Linguistics},
 pages = {4171-4186},
 title = {BERT: Pre-training of Deep Bidirectional Transformers for Language Understanding},
 year = {2019}
}

% The paper 'Silhouette Analysis for Performance Evaluation in Machine Learning with Applications to Clustering' provides a detailed explanation of the silhouette index as an unsupervised criterion for evaluating clustering quality. This citation will support the methodology section where silhouette scores are used to validate the clustering quality of symbolic glyphs in the proposed approach, ensuring the robustness of the clustering process.
@article{shutaywi2021silhouetteaf,
 author = {Meshal Shutaywi and N. Nezamoddini-Kachouie},
 booktitle = {Entropy},
 journal = {Entropy},
 title = {Silhouette Analysis for Performance Evaluation in Machine Learning with Applications to Clustering},
 volume = {23},
 year = {2021}
}

% The paper 'Learning Phrase Representations using RNN Encoder–Decoder for Statistical Machine Translation' by Kyunghyun Cho et al. (2014) introduces the RNN Encoder-Decoder architecture and discusses the use of Gated Recurrent Units (GRUs) for sequence modeling. This citation will support the methodology section where GRUs are employed to capture sequential dependencies in symbolic glyph sequences, enhancing the reasoning model's performance in the proposed approach.
@article{cho2014learningpr,
 author = {Kyunghyun Cho and B. V. Merrienboer and Çaglar Gülçehre and Dzmitry Bahdanau and Fethi Bougares and Holger Schwenk and Yoshua Bengio},
 booktitle = {Conference on Empirical Methods in Natural Language Processing},
 pages = {1724-1734},
 title = {Learning Phrase Representations using RNN Encoder–Decoder for Statistical Machine Translation},
 year = {2014}
}

% The paper 'Addressing Accuracy Paradox Using Enhanced Weighted Performance Metric in Machine Learning' by M. Uddin (2019) discusses the limitations of standard accuracy metrics and introduces enhanced weighted performance metrics to improve integrity and reliability, especially for unbalanced data. This citation is relevant to the methodology section where Color-Weighted Accuracy (CWA) and Shape-Weighted Accuracy (SWA) are used as evaluation metrics, providing theoretical support for the use of weighted accuracy metrics in model evaluation.
@article{uddin2019addressingap,
 author = {M. Uddin},
 booktitle = {Information Technology Trends},
 journal = {2019 Sixth HCT Information Technology Trends (ITT)},
 pages = {319-324},
 title = {Addressing Accuracy Paradox Using Enhanched Weighted Performance Metric in Machine Learning},
 year = {2019}
}

% The paper 'Cognitive Algorithms: Designing Human-Like Reasoning in Machine Learning Systems' investigates the principles and models of cognitive algorithms that combine symbolic reasoning with neural learning architectures. This citation is relevant to the introduction and related work sections, where the study's focus on symbolic reasoning and rule extraction in abstract domains is discussed. It provides foundational support for integrating symbolic reasoning into machine learning to enhance interpretability and performance in reasoning tasks.
@article{pasupuleti2025cognitivead,
 author = {Murali Krishna Pasupuleti},
 booktitle = {International Journal of Academic and Industrial Research Innovations(IJAIRI)},
 journal = {International Journal of Academic and Industrial Research Innovations(IJAIRI)},
 title = {Cognitive Algorithms: Designing Human-Like Reasoning in Machine Learning Systems},
 year = {2025}
}

% The paper 'SHOP-VRB: A Visual Reasoning Benchmark for Object Perception' discusses a visual reasoning benchmark that employs synthetic data and symbolic program execution, which is relevant to the context of synthetic symbolic reasoning tasks like SPR_BENCH. This citation will support the related work section by providing a comparative benchmark example and highlighting the use of synthetic data and challenging evaluation protocols for symbolic reasoning tasks.
@article{nazarczuk2020shopvrbav,
 author = {Michal Nazarczuk and K. Mikolajczyk},
 booktitle = {IEEE International Conference on Robotics and Automation},
 journal = {2020 IEEE International Conference on Robotics and Automation (ICRA)},
 pages = {6898-6904},
 title = {SHOP-VRB: A Visual Reasoning Benchmark for Object Perception},
 year = {2020}
}
