
% The SimCLR framework, introduced by Ting Chen et al., provides a foundational approach to contrastive learning and introduces the NT-Xent loss. It is relevant to cite this paper when discussing the theoretical basis and implementation of contrastive pretraining in our work. Specifically, it should be referenced in the related work section when introducing contrastive learning and its components, as well as in the methods section to attribute the NT-Xent loss used in our context-aware contrastive learning framework.
@article{chen2020asf,
 author = {Ting Chen and Simon Kornblith and Mohammad Norouzi and Geoffrey E. Hinton},
 booktitle = {International Conference on Machine Learning},
 journal = {ArXiv},
 title = {A Simple Framework for Contrastive Learning of Visual Representations},
 volume = {abs/2002.05709},
 year = {2020}
}

% The paper 'Verification Learning: Make Unsupervised Neuro-Symbolic System Feasible' discusses challenges in symbolic reasoning, particularly the reliance on labeled data and generalization issues in neuro-symbolic systems. It introduces a novel label-free verification process, providing insights into overcoming these challenges. This paper is relevant for summarizing research on symbolic reasoning challenges and should be cited in the related work section to contextualize the limitations of traditional symbolic reasoning methods.
@article{jia2025verificationlm,
 author = {Lin Jia and Wen-Chao Hu and Jiejing Shao and Lan-Zhe Guo and Yu-Feng Li},
 booktitle = {arXiv.org},
 journal = {ArXiv},
 title = {Verification Learning: Make Unsupervised Neuro-Symbolic System Feasible},
 volume = {abs/2503.12917},
 year = {2025}
}

% The paper 'Scaling Synthetic Logical Reasoning Datasets with Context-Sensitive Declarative Grammars' introduces a framework for constructing synthetic logical reasoning datasets using context-sensitive declarative grammars. It is relevant for citing the SPR_BENCH dataset used in this study, providing credit to its creators and context for its use in evaluating symbolic pattern recognition models. This citation should be included in the section discussing datasets and benchmarks.
@article{sileo2024scalingsl,
 author = {Damien Sileo},
 booktitle = {Conference on Empirical Methods in Natural Language Processing},
 journal = {ArXiv},
 title = {Scaling Synthetic Logical Reasoning Datasets with Context-Sensitive Declarative Grammars},
 volume = {abs/2406.11035},
 year = {2024}
}

% The paper 'Similarity-Guided Diffusion for Contrastive Sequential Recommendation' introduces advanced methods for data augmentation and denoising in contrastive learning, including semantically consistent noise generation and selective augmentation positions. It is relevant for supporting arguments about how such techniques enhance feature representations in symbolic pattern recognition tasks. This work should be cited in the methods section and related work section to strengthen the discussion on leveraging advanced data augmentation and denoising methods in contrastive learning frameworks.
@inproceedings{choi2025similarityguideddf,
 author = {Jinkyeong Choi and Yejin Noh and Donghyeon Park},
 title = {Similarity-Guided Diffusion for Contrastive Sequential Recommendation},
 year = {2025}
}

% The paper 'The NT-Xent loss upper bound' provides a theoretical perspective on the NT-Xent loss, including the derivation of an upper bound for the loss and average similarity. This work is relevant for discussing the theoretical foundation of the NT-Xent loss and its role in maintaining training stability in contrastive learning frameworks. It should be cited in the methods section when describing the loss function used in the proposed context-aware contrastive learning framework.
@article{agren2022thenl,
 author = {Wilhelm Ã…gren},
 booktitle = {arXiv.org},
 journal = {ArXiv},
 title = {The NT-Xent loss upper bound},
 volume = {abs/2205.03169},
 year = {2022}
}

% The paper 'TripletCLIP: Improving Compositional Reasoning of CLIP via Synthetic Vision-Language Negatives' discusses limitations in compositional reasoning due to the lack of diversity in training datasets and introduces a novel contrastive pretraining strategy. This is relevant for highlighting challenges and research gaps in contrastive learning for compositional and symbolic reasoning, which our study seeks to address. This citation should be included in the related work section to contextualize the limitations of existing contrastive learning approaches and the need for innovative methods like ours.
@article{patel2024tripletclipic,
 author = {Maitreya Patel and Abhiram Kusumba and Sheng Cheng and C. Kim and Tejas Gokhale and Chitta Baral and Yezhou Yang},
 booktitle = {Neural Information Processing Systems},
 journal = {ArXiv},
 title = {TripletCLIP: Improving Compositional Reasoning of CLIP via Synthetic Vision-Language Negatives},
 volume = {abs/2411.02545},
 year = {2024}
}

% The paper 'Embodied-Symbolic Contrastive Graph Self-Supervised Learning for Molecular Graphs' discusses the integration of self-supervised learning with symbolic representations, using dual embodied-symbolic concept representations and exemplar-based contrastive learning. While focusing on molecular graphs, its framework is conceptually relevant to symbolic reasoning tasks and supports the use of self-supervised methods in symbolic reasoning. It should be cited in the related work section to discuss methodologies that bridge contrastive learning and symbolic reasoning.
@article{chang2022embodiedsymboliccg,
 author = {Daniel T. Chang},
 booktitle = {arXiv.org},
 journal = {ArXiv},
 title = {Embodied-Symbolic Contrastive Graph Self-Supervised Learning for Molecular Graphs},
 volume = {abs/2205.06783},
 year = {2022}
}

% The paper 'Scientific Hypothesis Generation and Validation: Methods, Datasets, and Future Directions' provides a structured overview of symbolic frameworks, hybrid systems, and multi-agent architectures, discussing challenges and future directions in reasoning systems. It is relevant for discussing future research directions in symbolic reasoning and contrastive learning, particularly in the context of integrating symbolic and neural approaches. This citation should be included in the conclusion or future work section to support the discussion of advancing contrastive learning frameworks for symbolic reasoning.
@article{kulkarni2025scientifichg,
 author = {Adithya Kulkarni and Fatimah Alotaibi and Xinyue Zeng and Longfeng Wu and Tong Zeng and Barry Menglong Yao and Minqian Liu and Shuaicheng Zhang and Lifu Huang and Dawei Zhou},
 booktitle = {arXiv.org},
 journal = {ArXiv},
 title = {Scientific Hypothesis Generation and Validation: Methods, Datasets, and Future Directions},
 volume = {abs/2505.04651},
 year = {2025}
}
