
% The paper 'Neural-symbolic integration and the Semantic Web' by Hitzler et al. provides a foundational discussion on the principles, challenges, and promises of neural-symbolic integration. This is relevant to establish the theoretical basis for integrating neural networks with symbolic reasoning frameworks in the proposed work. It is suitable for citation in the introduction or related work section to contextualize the research and highlight its foundational underpinnings.
@article{hitzler2020neuralsymbolicia,
 author = {P. Hitzler and Federico Bianchi and Monireh Ebrahimi and Md Kamruzzaman Sarker},
 booktitle = {Semantic Web},
 journal = {Semantic Web},
 pages = {3-11},
 title = {Neural-symbolic integration and the Semantic Web},
 volume = {11},
 year = {2020}
}

% The paper 'Open-World Visual Reasoning by a Neuro-Symbolic Program of Zero-Shot Symbols' introduces a neuro-symbolic framework for reasoning about spatial configurations in images using zero-shot symbols. It combines neuro-symbolic programming with language-vision models to handle open-world reasoning tasks. This work is relevant for discussing neuro-symbolic approaches to zero-shot reasoning and will be cited in the related work section to provide context for our integration of neural networks with symbolic reasoning frameworks.
@article{burghouts2024openworldvr,
 author = {G. Burghouts and Fieke Hillerstr√∂m and Erwin Walraven and M. V. Bekkum and Frank Ruis and J. Sijs and Jelle van Mil and Judith Dijk},
 booktitle = {International Conferences on Pattern Recognition and Artificial Intelligence},
 pages = {62-75},
 title = {Open-World Visual Reasoning by a Neuro-Symbolic Program of Zero-Shot Symbols},
 year = {2024}
}

% The paper 'Prototypical Networks for Few-shot Learning' introduces Prototypical Networks and extends their application to zero-shot learning. It provides foundational insights into zero-shot learning methodologies, which are relevant for discussing the zero-shot reasoning capabilities of the proposed neural-symbolic framework. This work will be cited in the related work section to provide context for zero-shot learning methods and their integration with symbolic reasoning frameworks.
@article{snell2017prototypicalnf,
 author = {Jake Snell and Kevin Swersky and R. Zemel},
 booktitle = {Neural Information Processing Systems},
 pages = {4077-4087},
 title = {Prototypical Networks for Few-shot Learning},
 year = {2017}
}

% The paper 'Knowledge-driven Data Construction for Zero-shot Evaluation in Commonsense Question Answering' introduces a neuro-symbolic framework for zero-shot question answering across commonsense tasks. It provides insights into evaluation strategies using various pre-existing knowledge resources, making it relevant for discussing zero-shot evaluation methodologies. This work will be cited to support the evaluation strategies employed in the SPR_BENCH benchmark and to contextualize the use of benchmarks in symbolic reasoning tasks.
@article{ma2020knowledgedrivendc,
 author = {Kaixin Ma and Filip Ilievski and Jonathan M Francis and Yonatan Bisk and Eric Nyberg and A. Oltramari},
 booktitle = {AAAI Conference on Artificial Intelligence},
 pages = {13507-13515},
 title = {Knowledge-driven Data Construction for Zero-shot Evaluation in Commonsense Question Answering},
 year = {2020}
}

% The paper 'A Neuro-Symbolic Benchmark Suite for Concept Quality and Reasoning Shortcuts' introduces rsbench, a benchmark suite for evaluating reasoning shortcuts in neuro-symbolic models. It discusses customizable tasks and metrics for assessing model performance on reasoning tasks, which is relevant for framing the evaluation of SPR_BENCH and its metrics like Shape-Weighted Accuracy (SWA) and Color-Weighted Accuracy (CWA). This citation provides context for benchmarks used in symbolic reasoning tasks and will be cited in the methods or related work sections to support the evaluation framework.
@article{bortolotti2024anb,
 author = {Samuele Bortolotti and Emanuele Marconato and Tommaso Carraro and Paolo Morettin and Emile van Krieken and Antonio Vergari and Stefano Teso and Andrea Passerini},
 booktitle = {Neural Information Processing Systems},
 title = {A Neuro-Symbolic Benchmark Suite for Concept Quality and Reasoning Shortcuts},
 year = {2024}
}
