%% LaTeX2e file `references.bib'
%% generated by the `filecontents' environment
%% from source `template' on 2025/08/16.
%%
@book{goodfellow2016deep,
  title={Deep learning},
  author={Goodfellow, Ian and Bengio, Yoshua and Courville, Aaron and Bengio, Yoshua},
  volume={1},
  year={2016},
  publisher={MIT Press}
}

@article{chen2020asf,
 author = {Ting Chen and Simon Kornblith and Mohammad Norouzi and Geoffrey E. Hinton},
 booktitle = {International Conference on Machine Learning},
 journal = {ArXiv},
 title = {A Simple Framework for Contrastive Learning of Visual Representations},
 volume = {abs/2002.05709},
 year = {2020}
}

@conference{himabindu2023neurosymbolicai,
 author = {Modi Himabindu and Revathi V and Manish Gupta and Ajay Rana and Pradeep Kumar Chandra and H. S. Abdulaali},
 booktitle = {IEEE Uttar Pradesh Section International Conference on Electrical, Computer and Electronics Engineering},
 journal = {2023 10th IEEE Uttar Pradesh Section International Conference on Electrical, Electronics and Computer Engineering (UPCON)},
 pages = {1587-1592},
 title = {Neuro-Symbolic AI: Integrating Symbolic Reasoning with Deep Learning},
 volume = {10},
 year = {2023}
}

@article{bortolotti2024anb,
 author = {Samuele Bortolotti and Emanuele Marconato and Tommaso Carraro and Paolo Morettin and Emile van Krieken and Antonio Vergari and Stefano Teso and Andrea Passerini},
 booktitle = {Neural Information Processing Systems},
 title = {A Neuro-Symbolic Benchmark Suite for Concept Quality and Reasoning Shortcuts},
 year = {2024}
}

@article{sheng2025explicitie,
 author = {Jinfang Sheng and Xuhao Zhang and Bin Wang},
 booktitle = {Scientific Reports},
 journal = {Scientific Reports},
 title = {Explicit intent enhanced contrastive learning with denoising networks for sequential recommendation},
 volume = {15},
 year = {2025}
}

@article{shi2022enhancingsc,
 author = {Ensheng Shi and Wenchao Gub and Yanlin Wang and Lun Du and Hongyu Zhang and Shi Han and Dongmei Zhang and Hongbin Sun},
 booktitle = {arXiv.org},
 journal = {ArXiv},
 title = {Enhancing Semantic Code Search with Multimodal Contrastive Learning and Soft Data Augmentation},
 volume = {abs/2204.03293},
 year = {2022}
}

@article{moseley2024polyclcc,
 author = {Aaron Moseley and Abdullah-Al-Zubaer Imran},
 booktitle = {IEEE International Symposium on Biomedical Imaging},
 journal = {2024 IEEE International Symposium on Biomedical Imaging (ISBI)},
 pages = {1-4},
 title = {Polycl: Context-Aware Contrastive Learning for Image Segmentation},
 year = {2024}
}
