%% LaTeX2e file `references.bib'
%% generated by the `filecontents' environment
%% from source `template' on 2025/08/15.
%%
@book{goodfellow2016deep,
  title={Deep learning},
  author={Goodfellow, Ian and Bengio, Yoshua and Courville, Aaron and Bengio, Yoshua},
  volume={1},
  year={2016},
  publisher={MIT Press}
}

@article{sir2024acp,
 author = {Gustav Šír},
 booktitle = {Neurosymbolic Artificial Intelligence},
 journal = {Neurosymbolic Artificial Intelligence},
 title = {A computational perspective on neural-symbolic integration},
 year = {2024}
}

@article{tsamoura2020neuralsymbolicia,
 author = {Efthymia Tsamoura and Loizos Michael},
 booktitle = {AAAI Conference on Artificial Intelligence},
 pages = {5051-5060},
 title = {Neural-Symbolic Integration: A Compositional Perspective},
 year = {2020}
}

@article{ylmaz2016apf,
 author = {Özgür Yılmaz and A. Garcez and Daniel L. Silver},
 booktitle = {NeSy@HLAI},
 title = {A Proposal for Common Dataset in Neural-Symbolic Reasoning Studies},
 year = {2016}
}

@article{kuo2020encodingfa,
 author = {Yen-Ling Kuo and B. Katz and Andrei Barbu},
 booktitle = {IEEE/RJS International Conference on Intelligent RObots and Systems},
 journal = {2020 IEEE/RSJ International Conference on Intelligent Robots and Systems (IROS)},
 pages = {5604-5610},
 title = {Encoding formulas as deep networks: Reinforcement learning for zero-shot execution of LTL formulas},
 year = {2020}
}

@article{fei2025efficientas,
 author = {WeiZhi Fei and Zihao Wang and Hang Yin and Shukai Zhao and Wei Zhang and Yangqiu Song},
 booktitle = {arXiv.org},
 journal = {ArXiv},
 title = {Efficient and Scalable Neural Symbolic Search for Knowledge Graph Complex Query Answering},
 volume = {abs/2505.08155},
 year = {2025}
}

@article{weng2023masteringso,
 author = {Yixuan Weng and Minjun Zhu and Fei Xia and Bin Li and Shizhu He and Kang Liu and Jun Zhao},
 booktitle = {International Conference on Learning Representations},
 title = {Mastering Symbolic Operations: Augmenting Language Models with Compiled Neural Networks},
 year = {2023}
}

@article{baheri2025hierarchicalnd,
 author = {Ali Baheri and Cecilia O. Alm},
 booktitle = {arXiv.org},
 journal = {ArXiv},
 title = {Hierarchical Neuro-Symbolic Decision Transformer},
 volume = {abs/2503.07148},
 year = {2025}
}

@article{arabshahi2021conversationalmr,
 author = {Forough Arabshahi and Jennifer Lee and Antoine Bosselut and Yejin Choi and Tom M. Mitchell},
 booktitle = {Conference on Empirical Methods in Natural Language Processing},
 journal = {ArXiv},
 title = {Conversational Multi-Hop Reasoning with Neural Commonsense Knowledge and Symbolic Logic Rules},
 volume = {abs/2109.08544},
 year = {2021}
}

@article{yuasa2025neurosymbolicgo,
 author = {Mikihisa Yuasa and R. Sreenivas and Huy T. Tran},
 booktitle = {arXiv.org},
 journal = {ArXiv},
 title = {Neuro-Symbolic Generation of Explanations for Robot Policies with Weighted Signal Temporal Logic},
 volume = {abs/2504.21841},
 year = {2025}
}

@inproceedings{ye2025pretrainingau,
 author = {Haoming Ye and Yunxiao Xiao and Cewu Lu and Panpan Cai},
 title = {Pretraining a Unified PDDL Domain from Real-World Demonstrations for Generalizable Robot Task Planning},
 year = {2025}
}
