%% LaTeX2e file `references.bib'
%% generated by the `filecontents' environment
%% from source `template' on 2025/08/17.
%%
@book{goodfellow2016deep,
  title={Deep learning},
  author={Goodfellow, Ian and Bengio, Yoshua and Courville, Aaron and Bengio, Yoshua},
  volume={1},
  year={2016},
  publisher={MIT Press}
}

@article{dong2019neurallm,
 author = {Honghua Dong and Jiayuan Mao and Tian Lin and Chong Wang and Lihong Li and Denny Zhou},
 booktitle = {International Conference on Learning Representations},
 journal = {ArXiv},
 title = {Neural Logic Machines},
 volume = {abs/1904.11694},
 year = {2019}
}

@article{barbiero2023interpretablenc,
 author = {Pietro Barbiero and Gabriele Ciravegna and Francesco Giannini and Mateo Espinosa Zarlenga and Lucie Charlotte Magister and A. Tonda and Pietro Lio' and F. Precioso and M. Jamnik and G. Marra},
 booktitle = {International Workshop on Neural-Symbolic Learning and Reasoning},
 journal = {ArXiv},
 title = {Interpretable Neural-Symbolic Concept Reasoning},
 volume = {abs/2304.14068},
 year = {2023}
}

@article{biecek2021localim,
 author = {P. Biecek and T. Burzykowski},
 booktitle = {Explanatory Model Analysis},
 journal = {Explanatory Model Analysis},
 title = {Local Interpretable Model-agnostic Explanations (LIME)},
 year = {2021}
}

@conference{li2023ana,
 author = {Qianchu Li},
 booktitle = {2023 3rd International Conference on Electronic Information Engineering and Computer (EIECT)},
 journal = {2023 3rd International Conference on Electronic Information Engineering and Computer (EIECT)},
 pages = {464-470},
 title = {A Novel Approach for Balancing Accuracy and Interpretability in Neural Networks},
 year = {2023}
}

@article{makni2020explainabledr,
 author = {B. Makni and I. Abdelaziz and J. Hendler},
 booktitle = {arXiv.org},
 journal = {ArXiv},
 title = {Explainable Deep RDFS Reasoner},
 volume = {abs/2002.03514},
 year = {2020}
}
