%% LaTeX2e file `references.bib'
%% generated by the `filecontents' environment
%% from source `template' on 2025/08/31.
%%
@book{goodfellow2016deep,
  title={Deep learning},
  author={Goodfellow, Ian and Bengio, Yoshua and Courville, Aaron and Bengio, Yoshua},
  volume={1},
  year={2016},
  publisher={MIT Press}
}

@inproceedings{hartigan1979akc,
 author = {J. Hartigan and M. A. Wong},
 title = {A k-means clustering algorithm},
 year = {1979}
}

@article{devlin2019bertpo,
 author = {Jacob Devlin and Ming-Wei Chang and Kenton Lee and Kristina Toutanova},
 booktitle = {North American Chapter of the Association for Computational Linguistics},
 pages = {4171-4186},
 title = {BERT: Pre-training of Deep Bidirectional Transformers for Language Understanding},
 year = {2019}
}

@article{deng2020dbscanca,
 author = {Dingsheng Deng},
 booktitle = {2020 7th International Forum on Electrical Engineering and Automation (IFEEA)},
 journal = {2020 7th International Forum on Electrical Engineering and Automation (IFEEA)},
 pages = {949-953},
 title = {DBSCAN Clustering Algorithm Based on Density},
 year = {2020}
}

@article{alotaibi2024graphol,
 author = {Fatimah Alotaibi and Adithya Kulkarni and Dawei Zhou},
 booktitle = {BigData Congress [Services Society]},
 journal = {2024 IEEE International Conference on Big Data (BigData)},
 pages = {5926-5935},
 title = {Graph of Logic: Enhancing LLM Reasoning with Graphs and Symbolic Logic},
 year = {2024}
}

@article{yu2024reasonagainue,
 author = {Xiaodong Yu and Ben Zhou and Hao Cheng and Dan Roth},
 booktitle = {arXiv.org},
 journal = {ArXiv},
 title = {ReasonAgain: Using Extractable Symbolic Programs to Evaluate Mathematical Reasoning},
 volume = {abs/2410.19056},
 year = {2024}
}

@article{snell2017prototypicalnf,
 author = {Jake Snell and Kevin Swersky and R. Zemel},
 booktitle = {Neural Information Processing Systems},
 pages = {4077-4087},
 title = {Prototypical Networks for Few-shot Learning},
 year = {2017}
}

@article{sreedhar2017clusteringld,
 author = {C. Sreedhar and N. Kasiviswanath and P. C. Reddy},
 booktitle = {Journal of Big Data},
 journal = {Journal of Big Data},
 pages = {1-19},
 title = {Clustering large datasets using K-means modified inter and intra clustering (KM-I2C) in Hadoop},
 volume = {4},
 year = {2017}
}

@article{lee2023interactivegs,
 author = {Han-Eum Lee and Cheonghwan Hur and Bunyodbek Ibrokhimov and Sanggil Kang},
 booktitle = {Applied Sciences},
 journal = {Applied Sciences},
 title = {Interactive Guiding Sparse Auto-Encoder with Wasserstein Regularization for Efficient Classification},
 year = {2023}
}

@article{mondorf2024beyondae,
 author = {Philipp Mondorf and Barbara Plank},
 booktitle = {arXiv.org},
 journal = {ArXiv},
 title = {Beyond Accuracy: Evaluating the Reasoning Behavior of Large Language Models - A Survey},
 volume = {abs/2404.01869},
 year = {2024}
}
