%% LaTeX2e file `references.bib'
%% generated by the `filecontents' environment
%% from source `template' on 2025/08/31.
%%
@book{goodfellow2016deep,
  title={Deep learning},
  author={Goodfellow, Ian and Bengio, Yoshua and Courville, Aaron and Bengio, Yoshua},
  volume={1},
  year={2016},
  publisher={MIT Press}
}

@article{khemani2024aro,
 author = {Bharti Khemani and S. Patil and K. Kotecha and Sudeep Tanwar},
 booktitle = {Journal of Big Data},
 journal = {Journal of Big Data},
 pages = {1-43},
 title = {A review of graph neural networks: concepts, architectures, techniques, challenges, datasets, applications, and future directions},
 volume = {11},
 year = {2024}
}

@article{shiri2023aco,
 author = {Farhad Shiri and Thinagaran Perumal and N. Mustapha and Raihani Mohamed},
 booktitle = {Journal of Artificial Intelligence},
 journal = {ArXiv},
 title = {A Comprehensive Overview and Comparative Analysis on Deep Learning Models: CNN, RNN, LSTM, GRU},
 volume = {abs/2305.17473},
 year = {2023}
}

@article{hamilton2017inductiverl,
 author = {William L. Hamilton and Z. Ying and J. Leskovec},
 booktitle = {Neural Information Processing Systems},
 journal = {ArXiv},
 title = {Inductive Representation Learning on Large Graphs},
 volume = {abs/1706.02216},
 year = {2017}
}

@article{ye2019avr,
 author = {Rui Ye and Xin Li and Yujie Fang and Hongyu Zang and Mingzhong Wang},
 booktitle = {International Joint Conference on Artificial Intelligence},
 pages = {4135-4141},
 title = {A Vectorized Relational Graph Convolutional Network for Multi-Relational Network Alignment},
 year = {2019}
}
