%% LaTeX2e file `references.bib'
%% generated by the `filecontents' environment
%% from source `template' on 2025/08/16.
%%
@inproceedings{Goodfellow2014,
  title={Explaining and Harnessing Adversarial Examples},
  author={Goodfellow, Ian J and Shlens, Jonathon and Szegedy, Christian},
  booktitle={International Conference on Learning Representations (ICLR)},
  year={2014}
}

@inproceedings{Krizhevsky2012,
  title={ImageNet Classification with Deep Convolutional Neural Networks},
  author={Krizhevsky, Alex and Sutskever, Ilya and Hinton, Geoffrey E},
  booktitle={Advances in Neural Information Processing Systems},
  pages={1097--1105},
  year={2012}
}

@article{He2016,
  title={Deep Residual Learning for Image Recognition},
  author={He, Kaiming and Zhang, Xiangyu and Ren, Shaoqing and Sun, Jian},
  journal={Proceedings of the IEEE Conference on Computer Vision and Pattern Recognition},
  pages={770--778},
  year={2016}
}
