%% LaTeX2e file `references.bib'
%% generated by the `filecontents' environment
%% from source `template' on 2025/08/16.
%%
@book{goodfellow2016deep,
  title={Deep learning},
  author={Goodfellow, Ian and Bengio, Yoshua and Courville, Aaron and Bengio, Yoshua},
  volume={1},
  year={2016},
  publisher={MIT Press}
}

@article{chen2020asf,
 author = {Ting Chen and Simon Kornblith and Mohammad Norouzi and Geoffrey E. Hinton},
 booktitle = {International Conference on Machine Learning},
 journal = {ArXiv},
 title = {A Simple Framework for Contrastive Learning of Visual Representations},
 volume = {abs/2002.05709},
 year = {2020}
}

@conference{himabindu2023neurosymbolicai,
 author = {Modi Himabindu and Revathi V and Manish Gupta and Ajay Rana and Pradeep Kumar Chandra and H. S. Abdulaali},
 booktitle = {IEEE Uttar Pradesh Section International Conference on Electrical, Computer and Electronics Engineering},
 journal = {2023 10th IEEE Uttar Pradesh Section International Conference on Electrical, Electronics and Computer Engineering (UPCON)},
 pages = {1587-1592},
 title = {Neuro-Symbolic AI: Integrating Symbolic Reasoning with Deep Learning},
 volume = {10},
 year = {2023}
}

@article{bortolotti2024anb,
 author = {Samuele Bortolotti and Emanuele Marconato and Tommaso Carraro and Paolo Morettin and Emile van Krieken and Antonio Vergari and Stefano Teso and Andrea Passerini},
 booktitle = {Neural Information Processing Systems},
 title = {A Neuro-Symbolic Benchmark Suite for Concept Quality and Reasoning Shortcuts},
 year = {2024}
}

@inproceedings{choi2025similarityguideddf,
 author = {Jinkyeong Choi and Yejin Noh and Donghyeon Park},
 title = {Similarity-Guided Diffusion for Contrastive Sequential Recommendation},
 year = {2025}
}

@article{kim2024semisupervisedcl,
 author = {Dokyun Kim and Sukhyun Cho and Heewoong Chae and Jonghun Park and Jaeseok Huh},
 booktitle = {Intelligent Data Analysis},
 journal = {Intelligent Data Analysis},
 pages = {94 - 115},
 title = {Semi-supervised contrastive learning with decomposition-based data augmentation for time series classification},
 volume = {29},
 year = {2024}
}

@article{stein2025thert,
 author = {Adam Stein and Aaditya Naik and Neelay Velingker and Mayur Naik and Eric Wong},
 booktitle = {arXiv.org},
 journal = {ArXiv},
 title = {The Road to Generalizable Neuro-Symbolic Learning Should be Paved with Foundation Models},
 volume = {abs/2505.24874},
 year = {2025}
}

@inproceedings{lorello2025ltlzincab,
 author = {Luca Salvatore Lorello and Nikolaos Manginas and Marco Lippi and S. Melacci},
 title = {LTLZinc: a Benchmarking Framework for Continual Learning and Neuro-Symbolic Temporal Reasoning},
 year = {2025}
}

@article{mao2020aso,
 author = {H. H. Mao},
 booktitle = {arXiv.org},
 journal = {ArXiv},
 title = {A Survey on Self-supervised Pre-training for Sequential Transfer Learning in Neural Networks},
 volume = {abs/2007.00800},
 year = {2020}
}
