%% LaTeX2e file `references.bib'
%% generated by the `filecontents' environment
%% from source `template' on 2025/08/16.
%%
@book{goodfellow2016deep,
  title={Deep learning},
  author={Goodfellow, Ian and Bengio, Yoshua and Courville, Aaron and Bengio, Yoshua},
  volume={1},
  year={2016},
  publisher={MIT Press}
}

@article{bosselut2020dynamicnk,
 author = {Antoine Bosselut and Ronan Le Bras and Yejin Choi},
 booktitle = {AAAI Conference on Artificial Intelligence},
 pages = {4923-4931},
 title = {Dynamic Neuro-Symbolic Knowledge Graph Construction for Zero-shot Commonsense Question Answering},
 year = {2020}
}

@article{kim2025standardnc,
 author = {Youngsung Kim},
 booktitle = {arXiv.org},
 journal = {ArXiv},
 title = {Standard Neural Computation Alone Is Insufficient for Logical Intelligence},
 volume = {abs/2502.02135},
 year = {2025}
}
