%% LaTeX2e file `references.bib'
%% generated by the `filecontents' environment
%% from source `template' on 2025/08/31.
%%
@book{goodfellow2016deep,
  title={Deep learning},
  author={Goodfellow, Ian and Bengio, Yoshua and Courville, Aaron and Bengio, Yoshua},
  volume={1},
  year={2016},
  publisher={MIT Press}
}

@inproceedings{hamerly2015acceleratingla,
 author = {Greg Hamerly and Jonathan Drake},
 pages = {41-78},
 title = {Accelerating Lloydâ€™s Algorithm for k -Means Clustering},
 year = {2015}
}

@article{devlin2019bertpo,
 author = {Jacob Devlin and Ming-Wei Chang and Kenton Lee and Kristina Toutanova},
 booktitle = {North American Chapter of the Association for Computational Linguistics},
 pages = {4171-4186},
 title = {BERT: Pre-training of Deep Bidirectional Transformers for Language Understanding},
 year = {2019}
}

@article{zhang2023improvedlr,
 author = {Hanlin Zhang and Jiani Huang and Ziyang Li and M. Naik and Eric P. Xing},
 booktitle = {Annual Meeting of the Association for Computational Linguistics},
 pages = {3062-3077},
 title = {Improved Logical Reasoning of Language Models via Differentiable Symbolic Programming},
 year = {2023}
}
