%% LaTeX2e file `references.bib'
%% generated by the `filecontents' environment
%% from source `template' on 2025/08/18.
%%
@book{goodfellow2016deep,
  title={Deep learning},
  author={Goodfellow, Ian and Bengio, Yoshua and Courville, Aaron and Bengio, Yoshua},
  volume={1},
  year={2016},
  publisher={MIT Press}
}

@article{vaswani2017attentionia,
 author = {Ashish Vaswani and Noam M. Shazeer and Niki Parmar and Jakob Uszkoreit and Llion Jones and Aidan N. Gomez and Lukasz Kaiser and I. Polosukhin},
 booktitle = {Neural Information Processing Systems},
 pages = {5998-6008},
 title = {Attention is All you Need},
 year = {2017}
}

@article{garcez2015neuralsymbolicla,
 author = {A. Garcez and Tarek R. Besold and L. D. Raedt and Peter Földiák and P. Hitzler and Thomas F. Icard and Kai-Uwe Kühnberger and L. Lamb and R. Miikkulainen and Daniel L. Silver},
 booktitle = {AAAI Spring Symposia},
 title = {Neural-Symbolic Learning and Reasoning: Contributions and Challenges},
 year = {2015}
}

@article{bergen2021systematicgw,
 author = {Leon Bergen and T. O’Donnell and Dzmitry Bahdanau},
 booktitle = {Neural Information Processing Systems},
 pages = {1390-1402},
 title = {Systematic Generalization with Edge Transformers},
 year = {2021}
}

@article{patel2024multilogievalte,
 author = {Nisarg Patel and Mohith Kulkarni and Mihir Parmar and Aashna Budhiraja and Mutsumi Nakamura and Neeraj Varshney and Chitta Baral},
 booktitle = {Conference on Empirical Methods in Natural Language Processing},
 journal = {ArXiv},
 title = {Multi-LogiEval: Towards Evaluating Multi-Step Logical Reasoning Ability of Large Language Models},
 volume = {abs/2406.17169},
 year = {2024}
}

@article{xu2024faithfullr,
 author = {Jundong Xu and Hao Fei and Liangming Pan and Qian Liu and M. Lee and W. Hsu},
 booktitle = {Annual Meeting of the Association for Computational Linguistics},
 pages = {13326-13365},
 title = {Faithful Logical Reasoning via Symbolic Chain-of-Thought},
 year = {2024}
}

@article{pung2021orchardab,
 author = {B. Pung and Alvin Chan},
 booktitle = {arXiv.org},
 journal = {ArXiv},
 title = {ORCHARD: A Benchmark For Measuring Systematic Generalization of Multi-Hierarchical Reasoning},
 volume = {abs/2111.14034},
 year = {2021}
}
