%% LaTeX2e file `references.bib'
%% generated by the `filecontents' environment
%% from source `template' on 2025/08/17.
%%
@book{goodfellow2016deep,
  title={Deep learning},
  author={Goodfellow, Ian and Bengio, Yoshua and Courville, Aaron and Bengio, Yoshua},
  volume={1},
  year={2016},
  publisher={MIT Press}
}

@article{vaswani2017attentionia,
 author = {Ashish Vaswani and Noam M. Shazeer and Niki Parmar and Jakob Uszkoreit and Llion Jones and Aidan N. Gomez and Lukasz Kaiser and I. Polosukhin},
 booktitle = {Neural Information Processing Systems},
 pages = {5998-6008},
 title = {Attention is All you Need},
 year = {2017}
}

@article{sileo2024scalingsl,
 author = {Damien Sileo},
 booktitle = {Conference on Empirical Methods in Natural Language Processing},
 journal = {ArXiv},
 title = {Scaling Synthetic Logical Reasoning Datasets with Context-Sensitive Declarative Grammars},
 volume = {abs/2406.11035},
 year = {2024}
}

@conference{iskandarova2024advancingnl,
 author = {S. Iskandarova and Umidjon Kuziyev and Dilmurod Ashurov and Dilafruzkhon Rakhmatullayeva},
 booktitle = {2024 International Conference on IoT, Communication and Automation Technology (ICICAT)},
 journal = {2024 International Conference on IoT, Communication and Automation Technology (ICICAT)},
 pages = {792-796},
 title = {Advancing Natural Language Processing: Beyond Embeddings},
 year = {2024}
}

@article{toshniwal2017multitasklw,
 author = {Shubham Toshniwal and Hao Tang and Liang Lu and Karen Livescu},
 booktitle = {Interspeech},
 pages = {3532-3536},
 title = {Multitask Learning with Low-Level Auxiliary Tasks for Encoder-Decoder Based Speech Recognition},
 year = {2017}
}

@article{brinkmann2024ama,
 author = {Jannik Brinkmann and A. Sheshadri and Victor Levoso and Paul Swoboda and Christian Bartelt},
 booktitle = {Annual Meeting of the Association for Computational Linguistics},
 pages = {4082-4102},
 title = {A Mechanistic Analysis of a Transformer Trained on a Symbolic Multi-Step Reasoning Task},
 year = {2024}
}

@article{barbiero2023interpretablenc,
 author = {Pietro Barbiero and Gabriele Ciravegna and Francesco Giannini and Mateo Espinosa Zarlenga and Lucie Charlotte Magister and A. Tonda and Pietro Lio' and F. Precioso and M. Jamnik and G. Marra},
 booktitle = {International Workshop on Neural-Symbolic Learning and Reasoning},
 journal = {ArXiv},
 title = {Interpretable Neural-Symbolic Concept Reasoning},
 volume = {abs/2304.14068},
 year = {2023}
}

@article{gunther2024latecc,
 author = {Michael Gunther and Isabelle Mohr and Bo Wang and Han Xiao},
 booktitle = {arXiv.org},
 journal = {ArXiv},
 title = {Late Chunking: Contextual Chunk Embeddings Using Long-Context Embedding Models},
 volume = {abs/2409.04701},
 year = {2024}
}

@article{mikua2023magnushammerat,
 author = {Maciej Mikuła and Szymon Antoniak and Szymon Tworkowski and Albert Qiaochu Jiang and Jinyi Zhou and Christian Szegedy and Lukasz Kuci'nski and Piotr Milo's and Yuhuai Wu},
 booktitle = {International Conference on Learning Representations},
 journal = {ArXiv},
 title = {Magnushammer: A Transformer-based Approach to Premise Selection},
 volume = {abs/2303.04488},
 year = {2023}
}

@article{baig2025attentiondropan,
 author = {Mirza Samad Ahmed Baig and Syeda Anshrah Gillani and Abdul Akbar Khan and Shahid Munir Shah},
 booktitle = {arXiv.org},
 journal = {ArXiv},
 title = {AttentionDrop: A Novel Regularization Method for Transformer Models},
 volume = {abs/2504.12088},
 year = {2025}
}

@article{unsal2024alphaintegratorta,
 author = {Mert Ünsal and T. Gehr and Martin T. Vechev},
 booktitle = {arXiv.org},
 journal = {ArXiv},
 title = {AlphaIntegrator: Transformer Action Search for Symbolic Integration Proofs},
 volume = {abs/2410.02666},
 year = {2024}
}
