%% LaTeX2e file `references.bib'
%% generated by the `filecontents' environment
%% from source `template' on 2025/08/17.
%%
@book{goodfellow2016deep,
  title={Deep learning},
  author={Goodfellow, Ian and Bengio, Yoshua and Courville, Aaron and Bengio, Yoshua},
  volume={1},
  year={2016},
  publisher={MIT Press}
}

@article{tsakalos2018sentimentcu,
 author = {Vasileios Tsakalos and R. Henriques},
 booktitle = {International Conference on Knowledge Discovery and Information Retrieval},
 pages = {147-152},
 title = {Sentiment Classification using N-ary Tree-Structured Gated Recurrent Unit Networks},
 year = {2018}
}

@article{kovas2024acresaf,
 author = {Konstantinos Kovas and Ioannis Hatzilygeroudis},
 booktitle = {Expert Syst. J. Knowl. Eng.},
 journal = {Expert Systems},
 title = {ACRES: A framework for (semi)automatic generation of rule‐based expert systems with uncertainty from datasets},
 volume = {41},
 year = {2024}
}

@article{dereich2024convergencerf,
 author = {Steffen Dereich and Arnulf Jentzen},
 booktitle = {arXiv.org},
 journal = {ArXiv},
 title = {Convergence rates for the Adam optimizer},
 volume = {abs/2407.21078},
 year = {2024}
}

@article{doula2024nesymofan,
 author = {Achref Doula and Huijie Yin and Max Mühlhäuser and Alejandro Sánchez Guinea},
 booktitle = {IEEE/RJS International Conference on Intelligent RObots and Systems},
 journal = {2024 IEEE/RSJ International Conference on Intelligent Robots and Systems (IROS)},
 pages = {919-926},
 title = {NeSyMoF: A Neuro-Symbolic Model for Motion Forecasting},
 year = {2024}
}

@article{huang2020curricularfaceac,
 author = {Y. Huang and Yuhan Wang and Ying Tai and Xiaoming Liu and Pengcheng Shen and Shaoxin Li and Jilin Li and Feiyue Huang},
 booktitle = {Computer Vision and Pattern Recognition},
 journal = {2020 IEEE/CVF Conference on Computer Vision and Pattern Recognition (CVPR)},
 pages = {5900-5909},
 title = {CurricularFace: Adaptive Curriculum Learning Loss for Deep Face Recognition},
 year = {2020}
}

@article{lorello2024thekb,
 author = {Luca Salvatore Lorello and Marco Lippi and S. Melacci},
 booktitle = {Machine-mediated learning},
 journal = {Mach. Learn.},
 pages = {161},
 title = {The KANDY Benchmark: Incremental Neuro-Symbolic Learning and Reasoning with Kandinsky Patterns},
 volume = {114},
 year = {2024}
}

@article{meadows2023asf,
 author = {Jordan Meadows and Marco Valentino and Damien Teney and André Freitas},
 booktitle = {North American Chapter of the Association for Computational Linguistics},
 pages = {1505-1523},
 title = {A Symbolic Framework for Evaluating Mathematical Reasoning and Generalisation with Transformers},
 year = {2023}
}
