
% The paper 'A k-means clustering algorithm' by J. Hartigan and M. A. Wong (1979) is a seminal work that formalizes the standard K-means clustering algorithm. It is directly relevant to the clustering methodology used in the proposed research and should be cited when describing the clustering component of the symbolic glyph clustering approach.
@inproceedings{hartigan1979akc,
 author = {J. Hartigan and M. A. Wong},
 title = {A k-means clustering algorithm},
 year = {1979}
}

% The paper 'BERT: Pre-training of Deep Bidirectional Transformers for Language Understanding' by Jacob Devlin et al. introduces BERT, a pre-trained language model used for extracting latent features in the data preprocessing step of this research. It is a foundational work in language representation models and should be cited when describing the methodology involving latent feature extraction using pre-trained models.
@article{devlin2019bertpo,
 author = {Jacob Devlin and Ming-Wei Chang and Kenton Lee and Kristina Toutanova},
 booktitle = {North American Chapter of the Association for Computational Linguistics},
 pages = {4171-4186},
 title = {BERT: Pre-training of Deep Bidirectional Transformers for Language Understanding},
 year = {2019}
}

% The paper 'Cognitive Algorithms: Designing Human-Like Reasoning in Machine Learning Systems' explores the integration of symbolic reasoning with neural learning architectures to enhance performance in tasks requiring interpretability and adaptability. It is relevant for discussing the symbolic reasoning aspects of the proposed symbolic glyph clustering approach and its application to abstract symbolic domains. This citation will support the methodology and highlight the importance of integrating symbolic reasoning in machine learning systems.
@article{pasupuleti2025cognitivead,
 author = {Murali Krishna Pasupuleti},
 booktitle = {International Journal of Academic and Industrial Research Innovations(IJAIRI)},
 journal = {International Journal of Academic and Industrial Research Innovations(IJAIRI)},
 title = {Cognitive Algorithms: Designing Human-Like Reasoning in Machine Learning Systems},
 year = {2025}
}

% The paper 'Prototypical Networks for Few-shot Learning' by Jake Snell et al. introduces the foundational concept of Prototypical Networks, which perform classification by computing distances to prototype representations of each class, making them particularly effective in few-shot learning scenarios. This work is directly relevant to the discussion of clustering symbolic glyphs in small data regimes and should be cited to support the related work section and methodology discussion.
@article{snell2017prototypicalnf,
 author = {Jake Snell and Kevin Swersky and R. Zemel},
 booktitle = {Neural Information Processing Systems},
 pages = {4077-4087},
 title = {Prototypical Networks for Few-shot Learning},
 year = {2017}
}

% The paper 'Hidden Convexity of Fair PCA and Fast Solver via Eigenvalue Optimization' discusses advancements in Principal Component Analysis (PCA), a foundational dimensionality reduction method, including addressing fairness concerns and improving computational efficiency. This work is relevant to the discussion of using PCA to mitigate computational complexity in clustering large datasets and should be cited in the methodology section, particularly when addressing risk factors and limitations.
@article{shen2025hiddenco,
 author = {Junhui Shen and Aaron J. Davis and Ding Lu and Zhaojun Bai},
 booktitle = {arXiv.org},
 journal = {ArXiv},
 title = {Hidden Convexity of Fair PCA and Fast Solver via Eigenvalue Optimization},
 volume = {abs/2503.00299},
 year = {2025}
}

% The paper 'Probabilistic weighted voting model using multiple machine learning methods for fault detection and classification' discusses the use of weighted voting models and validation metrics to enhance prediction accuracy. This is relevant to the evaluation metric framework used in this research, particularly for supporting the design and application of Color-Weighted Accuracy (CWA) and Shape-Weighted Accuracy (SWA). It will be cited in the methodology section to substantiate the use of weighted accuracy metrics in classification tasks.
@article{ulker2022probabilisticwv,
 author = {Fevzeddin Ülker and Ahmet Küçüker},
 booktitle = {Compel},
 journal = {COMPEL - The international journal for computation and mathematics in electrical and electronic engineering},
 title = {Probabilistic weighted voting model using multiple machine learning methods for fault detection and classification},
 year = {2022}
}

% Paper 2 ('A practical approach to cluster validation in the energy sector') provides a detailed discussion on various cluster validation indices, including the silhouette index, and their application in practical scenarios. Paper 3 ('Determining Optimal Coarse‐Grained Representation for Biomolecules Using Internal Cluster Validation Indexes') directly discusses the use of the silhouette coefficient for cluster validation. These works are relevant for supporting the methodology section, specifically the use of silhouette scores to evaluate clustering quality in the symbolic glyph clustering process.
@article{bogensperger2021apa,
 author = {A. Bogensperger and Yann Fabel},
 booktitle = {Energy Informatics},
 journal = {Energy Informatics},
 title = {A practical approach to cluster validation in the energy sector},
 volume = {4},
 year = {2021}
}

@article{wu2020determiningoc,
 author = {Zhenliang Wu and Yuwei Zhang and J. H. Zhang and Kelin Xia and Fei Xia},
 booktitle = {Journal of Computational Chemistry},
 journal = {Journal of Computational Chemistry},
 pages = {14 - 20},
 title = {Determining Optimal Coarse‐Grained Representation for Biomolecules Using Internal Cluster Validation Indexes},
 volume = {41},
 year = {2020}
}

% The paper 'CoST: Contrastive Learning of Disentangled Seasonal-Trend Representations for Time Series Forecasting' discusses disentangled representations, focusing on learning seasonal and trend components separately using contrastive learning methods. This work is relevant to the methodology section of the research, particularly in justifying the use of disentangled representations (e.g., embedding shape and color separately) to improve generalization and reasoning in symbolic glyph clustering with Transformers.
@article{woo2022costcl,
 author = {Gerald Woo and Chenghao Liu and Doyen Sahoo and Akshat Kumar and Steven C. H. Hoi},
 booktitle = {International Conference on Learning Representations},
 journal = {ArXiv},
 title = {CoST: Contrastive Learning of Disentangled Seasonal-Trend Representations for Time Series Forecasting},
 volume = {abs/2202.01575},
 year = {2022}
}
