%% LaTeX2e file `references.bib'
%% generated by the `filecontents' environment
%% from source `template' on 2025/08/17.
%%
@book{goodfellow2016deep,
  title={Deep learning},
  author={Goodfellow, Ian and Bengio, Yoshua and Courville, Aaron and Bengio, Yoshua},
  volume={1},
  year={2016},
  publisher={MIT Press}
}

@article{vaswani2017attentionia,
 author = {Ashish Vaswani and Noam M. Shazeer and Niki Parmar and Jakob Uszkoreit and Llion Jones and Aidan N. Gomez and Lukasz Kaiser and I. Polosukhin},
 booktitle = {Neural Information Processing Systems},
 pages = {5998-6008},
 title = {Attention is All you Need},
 year = {2017}
}

@article{devlin2019bertpo,
 author = {Jacob Devlin and Ming-Wei Chang and Kenton Lee and Kristina Toutanova},
 booktitle = {North American Chapter of the Association for Computational Linguistics},
 pages = {4171-4186},
 title = {BERT: Pre-training of Deep Bidirectional Transformers for Language Understanding},
 year = {2019}
}

@article{brinkmann2024ama,
 author = {Jannik Brinkmann and A. Sheshadri and Victor Levoso and Paul Swoboda and Christian Bartelt},
 booktitle = {Annual Meeting of the Association for Computational Linguistics},
 pages = {4082-4102},
 title = {A Mechanistic Analysis of a Transformer Trained on a Symbolic Multi-Step Reasoning Task},
 year = {2024}
}

@article{sileo2024scalingsl,
 author = {Damien Sileo},
 booktitle = {Conference on Empirical Methods in Natural Language Processing},
 journal = {ArXiv},
 title = {Scaling Synthetic Logical Reasoning Datasets with Context-Sensitive Declarative Grammars},
 volume = {abs/2406.11035},
 year = {2024}
}
