
% This paper builds on Lloyd's algorithm, which forms the theoretical foundation for K-means clustering. It is relevant for establishing the basis of the clustering methods used in the symbolic glyph grouping experiments. This citation will provide context for the choice of K-means as a clustering algorithm in the methodology section.
@inproceedings{hamerly2017acceleratingla,
 author = {Greg Hamerly and Jonathan Drake},
 title = {Accelerating Lloydâ€™s Algorithm for k-Means Clustering},
 year = {2017}
}

% The paper 'BERT: Pre-training of Deep Bidirectional Transformers for Language Understanding' introduces the BERT model, which is used in the experiments for extracting latent feature representations of symbolic glyphs. This citation is crucial for providing proper credit to the creators of BERT and will be included in the methodology section of the paper where the use of a pre-trained language model is discussed.
@article{devlin2019bertpo,
 author = {Jacob Devlin and Ming-Wei Chang and Kenton Lee and Kristina Toutanova},
 booktitle = {North American Chapter of the Association for Computational Linguistics},
 pages = {4171-4186},
 title = {BERT: Pre-training of Deep Bidirectional Transformers for Language Understanding},
 year = {2019}
}

% The paper 'Cluster Quality Analysis Using Silhouette Score' provides a detailed explanation of how silhouette scores are utilized to evaluate clustering quality and determine the optimal number of clusters in K-means. This is directly relevant to the proposed methodology in the study, where silhouette scores are employed to validate the glyph clustering process. This citation will be included in the methodology section to provide context and support for the use of silhouette scores as a validation metric.
@article{shahapure2020clusterqa,
 author = {K. Shahapure and Charles K. Nicholas},
 booktitle = {International Conference on Data Science and Advanced Analytics},
 journal = {2020 IEEE 7th International Conference on Data Science and Advanced Analytics (DSAA)},
 pages = {747-748},
 title = {Cluster Quality Analysis Using Silhouette Score},
 year = {2020}
}

% The paper 'Benchmarking Unsupervised Object Representations for Video Sequences' explores various clustering approaches and their impact on downstream tasks such as object detection and reasoning in synthetic video data. This is relevant to the methodology of the current work, where symbolic glyph clustering is employed to enhance reasoning models. It will be cited in the paper to support the idea of using clustering to improve downstream machine learning tasks.
@article{weis2020benchmarkinguo,
 author = {Marissa A. Weis and Kashyap Chitta and Yash Sharma and Wieland Brendel and M. Bethge and Andreas Geiger and Alexander S. Ecker},
 booktitle = {Journal of machine learning research},
 journal = {J. Mach. Learn. Res.},
 pages = {183:1-183:61},
 title = {Benchmarking Unsupervised Object Representations for Video Sequences},
 volume = {22},
 year = {2020}
}

% This paper references the foundational introduction of Principal Component Analysis (PCA) by Pearson (1901) and its refinement by Hotelling (1933). It highlights PCA as a robust method for dimensionality reduction, which is directly relevant to the methodology in this study. PCA is employed to mitigate computational costs associated with clustering large datasets. This citation will be included in the methodology section to acknowledge the original development of PCA and provide context for its application in the experiments.
@article{rajotia2025principalca,
 author = {Meghana Singh Rajotia and D. Vart and A. Dashora and Rao Pankaj and Harshdeep and Jyoti , Neeraj Kharor and S. K. Pahuja},
 booktitle = {Ecology, environment & conservation},
 journal = {Ecology, Environment and Conservation},
 title = {Principal Component Analysis approach for Rancidity and Grain Yield Traits in Pearl Millet},
 year = {2025}
}

% The paper 'Prototypical Networks for Few-shot Learning' introduces a foundational approach to few-shot classification by utilizing a metric space where classification is performed based on distances to prototype representations. This is closely related to the proposed clustering-based approach for symbolic glyphs in the study, which aims to enhance reasoning in symbolic pattern recognition. This citation will be included in the methodology section to provide foundational context for the clustering approach inspired by few-shot learning principles.
@article{snell2017prototypicalnf,
 author = {Jake Snell and Kevin Swersky and R. Zemel},
 booktitle = {Neural Information Processing Systems},
 pages = {4077-4087},
 title = {Prototypical Networks for Few-shot Learning},
 year = {2017}
}

% Paper 0 ('Interpretable Neural-Symbolic Concept Reasoning') is relevant as it discusses interpretable neural-symbolic reasoning models that construct syntactic rule structures from concept embeddings, directly supporting the symbolic reasoning aspect of the proposed methodology. It will be cited in the introduction and methodology sections to provide context for neural-symbolic integration. Paper 2 ('SymbolNet: Bridging Latent Neural Representations and Symbolic Reasoning via Intermediate Feature Interpretation') introduces a framework for transforming latent neural features into symbolic representations, closely aligning with the proposed use of latent feature-based glyph clustering for reasoning enhancement. This paper will be cited in the methodology section to support the use of latent feature representations for improved reasoning accuracy.
@article{barbiero2023interpretablenc,
 author = {Pietro Barbiero and Gabriele Ciravegna and Francesco Giannini and Mateo Espinosa Zarlenga and Lucie Charlotte Magister and A. Tonda and Pietro Lio' and F. Precioso and M. Jamnik and G. Marra},
 booktitle = {International Workshop on Neural-Symbolic Learning and Reasoning},
 journal = {ArXiv},
 title = {Interpretable Neural-Symbolic Concept Reasoning},
 volume = {abs/2304.14068},
 year = {2023}
}

@article{jeong2025symbolnetbl,
 author = {SungHeon Jeong and Hyungjoon Kim and Yoojeong Song},
 booktitle = {IEEE Access},
 journal = {IEEE Access},
 pages = {78221-78230},
 title = {SymbolNet: Bridging Latent Neural Representations and Symbolic Reasoning via Intermediate Feature Interpretation},
 volume = {13},
 year = {2025}
}

% The paper 'Enhancing Reasoning Capabilities of LLMs via Principled Synthetic Logic Corpus' discusses the design and use of a synthetic dataset for logical reasoning tasks. It highlights how well-designed synthetic datasets can improve reasoning capabilities in machine learning models. This citation is relevant to the SPR_BENCH dataset used in the current study and will be cited in the methodology and discussion sections to provide context and support for the use of synthetic benchmarks in reasoning tasks.
@article{morishita2024enhancingrc,
 author = {Terufumi Morishita and Gaku Morio and Atsuki Yamaguchi and Yasuhiro Sogawa},
 booktitle = {Neural Information Processing Systems},
 journal = {ArXiv},
 title = {Enhancing Reasoning Capabilities of LLMs via Principled Synthetic Logic Corpus},
 volume = {abs/2411.12498},
 year = {2024}
}

% The paper 'The Shape of Consumer Behavior: A Symbolic and Topological Analysis of Time Series' discusses challenges in clustering symbolic data, such as handling volatility and complexity, which often lead to ambiguous cluster formations. This is directly relevant to the risk factors and limitations section of the current study, providing context for the challenges associated with clustering symbolic glyphs and potential strategies for improvement. It will be cited in the discussion of limitations and future directions in symbolic clustering methodologies.
@article{bereta2025theso,
 author = {Pola Bereta and Ioannis Diamantis},
 booktitle = {arXiv.org},
 journal = {ArXiv},
 title = {The Shape of Consumer Behavior: A Symbolic and Topological Analysis of Time Series},
 volume = {abs/2506.19759},
 year = {2025}
}
