%% LaTeX2e file `references.bib'
%% generated by the `filecontents' environment
%% from source `template' on 2025/08/17.
%%
@book{goodfellow2016deep,
  title={Deep learning},
  author={Goodfellow, Ian and Bengio, Yoshua and Courville, Aaron and Bengio, Yoshua},
  volume={1},
  year={2016},
  publisher={MIT Press}
}

@article{ansari2025advancingna,
 author = {Tabish Ali Ansari and Darshan Thube and Arin Verma},
 booktitle = {International Journal of Research Publication and Reviews},
 journal = {International Journal of Research Publication and Reviews},
 title = {Advancing Neurosymbolic AI: A Comprehensive Review of Hybrid Reasoning Frameworks and Applications},
 year = {2025}
}

@article{niu2022fuzzyrc,
 author = {Jiaojiao Niu and De-gang Chen and Jinhai Li and Hui Wang},
 booktitle = {IEEE transactions on fuzzy systems},
 journal = {IEEE Transactions on Fuzzy Systems},
 pages = {3748-3761},
 title = {Fuzzy Rule-Based Classification Method for Incremental Rule Learning},
 volume = {30},
 year = {2022}
}

@article{xie2025finchainas,
 author = {Zhuohan Xie and Dhruv Sahnan and Debopriyo Banerjee and Georgi N. Georgiev and Rushil Thareja and Hachem Madmoun and Jinyan Su and Aaryamonvikram Singh and Yuxia Wang and Rui Xing and Fajri Koto and Haonan Li and Ivan Koychev and Tanmoy Chakraborty and Salem Lahlou and Veselin Stoyanov and Preslav Nakov},
 booktitle = {arXiv.org},
 journal = {ArXiv},
 title = {FinChain: A Symbolic Benchmark for Verifiable Chain-of-Thought Financial Reasoning},
 volume = {abs/2506.02515},
 year = {2025}
}

@article{zhang2023lrxfllr,
 author = {Yanci Zhang and Hanyou Yu},
 booktitle = {AAAI Conference on Artificial Intelligence},
 journal = {ArXiv},
 title = {LR-XFL: Logical Reasoning-based Explainable Federated Learning},
 volume = {abs/2308.12681},
 year = {2023}
}

@article{ning2025gnssp,
 author = {Maizhen Ning and Zihao Zhou and Qiufeng Wang and Xiaowei Huang and Kaizhu Huang},
 booktitle = {AAAI Conference on Artificial Intelligence},
 pages = {24957-24965},
 title = {GNS: Solving Plane Geometry Problems by Neural-Symbolic Reasoning with Multi-Modal LLMs},
 year = {2025}
}

@article{vaswani2017attentionia,
 author = {Ashish Vaswani and Noam M. Shazeer and Niki Parmar and Jakob Uszkoreit and Llion Jones and Aidan N. Gomez and Lukasz Kaiser and I. Polosukhin},
 booktitle = {Neural Information Processing Systems},
 pages = {5998-6008},
 title = {Attention is All you Need},
 year = {2017}
}

@article{amador2025symdqnsk,
 author = {Ivo Amador and Nina Gierasimczuk},
 booktitle = {arXiv.org},
 journal = {ArXiv},
 title = {SymDQN: Symbolic Knowledge and Reasoning in Neural Network-based Reinforcement Learning},
 volume = {abs/2504.02654},
 year = {2025}
}

@article{sioutis2021qualitativesa,
 author = {Michael Sioutis and D. Wolter},
 booktitle = {International Joint Conference on Artificial Intelligence},
 pages = {4594-4601},
 title = {Qualitative Spatial and Temporal Reasoning: Current Status and Future Challenges},
 year = {2021}
}

@article{lorello2024thekb,
 author = {Luca Salvatore Lorello and Marco Lippi and S. Melacci},
 booktitle = {Machine-mediated learning},
 journal = {Mach. Learn.},
 pages = {161},
 title = {The KANDY Benchmark: Incremental Neuro-Symbolic Learning and Reasoning with Kandinsky Patterns},
 volume = {114},
 year = {2024}
}
