%% LaTeX2e file `references.bib'
%% generated by the `filecontents' environment
%% from source `template' on 2025/08/16.
%%
@book{goodfellow2016deep,
  title={Deep learning},
  author={Goodfellow, Ian and Bengio, Yoshua and Courville, Aaron and Bengio, Yoshua},
  volume={1},
  year={2016},
  publisher={MIT Press}
}

@article{chakraborty2020gsimclrsc,
 author = {Souradip Chakraborty and A. R. Gosthipaty and Sayak Paul},
 booktitle = {2020 International Conference on Data Mining Workshops (ICDMW)},
 journal = {2020 International Conference on Data Mining Workshops (ICDMW)},
 pages = {912-916},
 title = {G-SimCLR: Self-Supervised Contrastive Learning with Guided Projection via Pseudo Labelling},
 year = {2020}
}

@article{chin2023maskingic,
 author = {Zhi-Yi Chin and Chieh-Ming Jiang and Ching-Chun Huang and Pin-Yu Chen and Wei-Chen Chiu},
 booktitle = {IEEE Workshop/Winter Conference on Applications of Computer Vision},
 journal = {2024 IEEE/CVF Winter Conference on Applications of Computer Vision (WACV)},
 pages = {2749-2758},
 title = {Masking Improves Contrastive Self-Supervised Learning for ConvNets, and Saliency Tells You Where},
 year = {2023}
}

@inproceedings{besold2015proceedingsot,
 author = {Tarek R. Besold and L. Lamb and Thomas F. Icard and R. Miikkulainen},
 title = {Proceedings of the 10 th International Workshop on Neural-Symbolic Learning and Reasoning NeSy ’ 15},
 year = {2015}
}

@article{ylmaz2016apf,
 author = {Özgür Yılmaz and A. Garcez and Daniel L. Silver},
 booktitle = {NeSy@HLAI},
 title = {A Proposal for Common Dataset in Neural-Symbolic Reasoning Studies},
 year = {2016}
}

@article{wang2024denosentad,
 author = {Xinghao Wang and Junliang He and Pengyu Wang and Yunhua Zhou and Tianxiang Sun and Xipeng Qiu},
 booktitle = {AAAI Conference on Artificial Intelligence},
 journal = {ArXiv},
 title = {DenoSent: A Denoising Objective for Self-Supervised Sentence Representation Learning},
 volume = {abs/2401.13621},
 year = {2024}
}

@article{zubic2024limitsod,
 author = {Nikola Zubic and Federico Sold'a and Aurelio Sulser and Davide Scaramuzza},
 booktitle = {International Conference on Learning Representations},
 journal = {ArXiv},
 title = {Limits of Deep Learning: Sequence Modeling through the Lens of Complexity Theory},
 volume = {abs/2405.16674},
 year = {2024}
}

@article{amani2024symbolicaf,
 author = {Mohammad Hossein Amani and Nicolas Mario Baldwin and Amin Mansouri and Martin Josifoski and Maxime Peyrard and Robert West},
 booktitle = {arXiv.org},
 journal = {ArXiv},
 title = {Symbolic Autoencoding for Self-Supervised Sequence Learning},
 volume = {abs/2402.10575},
 year = {2024}
}

@article{lu2021intergpsig,
 author = {Pan Lu and Ran Gong and Shibiao Jiang and Liang Qiu and Siyuan Huang and Xiaodan Liang and Song-Chun Zhu},
 booktitle = {Annual Meeting of the Association for Computational Linguistics},
 pages = {6774-6786},
 title = {Inter-GPS: Interpretable Geometry Problem Solving with Formal Language and Symbolic Reasoning},
 year = {2021}
}
