%% LaTeX2e file `references.bib'
%% generated by the `filecontents' environment
%% from source `template' on 2025/08/30.
%%
@book{goodfellow2016deep,
  title={Deep learning},
  author={Goodfellow, Ian and Bengio, Yoshua and Courville, Aaron and Bengio, Yoshua},
  volume={1},
  year={2016},
  publisher={MIT Press}
}

@article{kipf2016semisupervisedcw,
 author = {Thomas Kipf and M. Welling},
 booktitle = {International Conference on Learning Representations},
 journal = {ArXiv},
 title = {Semi-Supervised Classification with Graph Convolutional Networks},
 volume = {abs/1609.02907},
 year = {2016}
}

@article{vaswani2017attentionia,
 author = {Ashish Vaswani and Noam M. Shazeer and Niki Parmar and Jakob Uszkoreit and Llion Jones and Aidan N. Gomez and Lukasz Kaiser and I. Polosukhin},
 booktitle = {Neural Information Processing Systems},
 pages = {5998-6008},
 title = {Attention is All you Need},
 year = {2017}
}

@article{schlichtkrull2017modelingrd,
 author = {M. Schlichtkrull and Thomas Kipf and Peter Bloem and Rianne van den Berg and Ivan Titov and M. Welling},
 booktitle = {Extended Semantic Web Conference},
 pages = {593-607},
 title = {Modeling Relational Data with Graph Convolutional Networks},
 year = {2017}
}
