%% LaTeX2e file `references.bib'
%% generated by the `filecontents' environment
%% from source `template' on 2025/08/31.
%%
@book{goodfellow2016deep,
  title={Deep learning},
  author={Goodfellow, Ian and Bengio, Yoshua and Courville, Aaron and Bengio, Yoshua},
  volume={1},
  year={2016},
  publisher={MIT Press}
}

@article{minervini2020learningrs,
 author = {Pasquale Minervini and Sebastian Riedel and Pontus Stenetorp and Edward Grefenstette and Tim Rocktäschel},
 booktitle = {International Conference on Machine Learning},
 pages = {6938-6949},
 title = {Learning Reasoning Strategies in End-to-End Differentiable Proving},
 year = {2020}
}

@article{oliveira2023clusteringld,
 author = {Mafalda Oliveira and A. Marçal},
 booktitle = {International Conference on Pattern Recognition Applications and Methods},
 pages = {822-831},
 title = {Clustering LiDAR Data with K-means and DBSCAN},
 year = {2023}
}

@article{sileo2024scalingsl,
 author = {Damien Sileo},
 booktitle = {Conference on Empirical Methods in Natural Language Processing},
 journal = {ArXiv},
 title = {Scaling Synthetic Logical Reasoning Datasets with Context-Sensitive Declarative Grammars},
 volume = {abs/2406.11035},
 year = {2024}
}

@article{guan2023crossdf,
 author = {Kunlun Guan and Yangsen Zhang},
 booktitle = {2023 IEEE Intl Conf on Parallel & Distributed Processing with Applications, Big Data & Cloud Computing, Sustainable Computing & Communications, Social Computing & Networking (ISPA/BDCloud/SocialCom/SustainCom)},
 journal = {2023 IEEE Intl Conf on Parallel & Distributed Processing with Applications, Big Data & Cloud Computing, Sustainable Computing & Communications, Social Computing & Networking (ISPA/BDCloud/SocialCom/SustainCom)},
 pages = {980-988},
 title = {Cross Domain Few Shot NER Via Data Enhancement Invariant Domain Feature Extraction Based on Diffusion Model},
 year = {2023}
}

@article{snell2017prototypicalnf,
 author = {Jake Snell and Kevin Swersky and R. Zemel},
 booktitle = {Neural Information Processing Systems},
 pages = {4077-4087},
 title = {Prototypical Networks for Few-shot Learning},
 year = {2017}
}

@article{semoglou2025silhouetteguidedik,
 author = {Aggelos Semoglou and Aristidis Likas and John Pavlopoulos},
 booktitle = {arXiv.org},
 journal = {ArXiv},
 title = {Silhouette-Guided Instance-Weighted k-means},
 volume = {abs/2506.12878},
 year = {2025}
}

@article{sheng2025comparativeao,
 author = {ChenNingZhi Sheng and Rafal Kustra and Davide Chicco},
 booktitle = {arXiv.org},
 journal = {ArXiv},
 title = {Comparative analysis of unsupervised clustering techniques using validation metrics: Study on cognitive features from the Canadian Longitudinal Study on Aging (CLSA)},
 volume = {abs/2504.12270},
 year = {2025}
}

@article{li2024characterizingnv,
 author = {Zi’ang Li and Xiaofeng Jia and Jie Zhang and Peimin Zhu and Wei Cai and Hao Zhang and Zhiying Liao},
 booktitle = {IEEE Transactions on Geoscience and Remote Sensing},
 journal = {IEEE Transactions on Geoscience and Remote Sensing},
 pages = {1-13},
 title = {Characterizing Near-Surface Velocity Structures via Deep Learning},
 volume = {62},
 year = {2024}
}
