%% LaTeX2e file `references.bib'
%% generated by the `filecontents' environment
%% from source `template' on 2025/08/31.
%%
@book{goodfellow2016deep,
  title={Deep learning},
  author={Goodfellow, Ian and Bengio, Yoshua and Courville, Aaron and Bengio, Yoshua},
  volume={1},
  year={2016},
  publisher={MIT Press}
}

@inproceedings{hartigan1979akc,
 author = {J. Hartigan and M. A. Wong},
 title = {A k-means clustering algorithm},
 year = {1979}
}

@article{devlin2019bertpo,
 author = {Jacob Devlin and Ming-Wei Chang and Kenton Lee and Kristina Toutanova},
 booktitle = {North American Chapter of the Association for Computational Linguistics},
 pages = {4171-4186},
 title = {BERT: Pre-training of Deep Bidirectional Transformers for Language Understanding},
 year = {2019}
}

@article{pasupuleti2025cognitivead,
 author = {Murali Krishna Pasupuleti},
 booktitle = {International Journal of Academic and Industrial Research Innovations(IJAIRI)},
 journal = {International Journal of Academic and Industrial Research Innovations(IJAIRI)},
 title = {Cognitive Algorithms: Designing Human-Like Reasoning in Machine Learning Systems},
 year = {2025}
}

@article{snell2017prototypicalnf,
 author = {Jake Snell and Kevin Swersky and R. Zemel},
 booktitle = {Neural Information Processing Systems},
 pages = {4077-4087},
 title = {Prototypical Networks for Few-shot Learning},
 year = {2017}
}

@article{shen2025hiddenco,
 author = {Junhui Shen and Aaron J. Davis and Ding Lu and Zhaojun Bai},
 booktitle = {arXiv.org},
 journal = {ArXiv},
 title = {Hidden Convexity of Fair PCA and Fast Solver via Eigenvalue Optimization},
 volume = {abs/2503.00299},
 year = {2025}
}

@article{ulker2022probabilisticwv,
 author = {Fevzeddin Ülker and Ahmet Küçüker},
 booktitle = {Compel},
 journal = {COMPEL - The international journal for computation and mathematics in electrical and electronic engineering},
 title = {Probabilistic weighted voting model using multiple machine learning methods for fault detection and classification},
 year = {2022}
}

@article{bogensperger2021apa,
 author = {A. Bogensperger and Yann Fabel},
 booktitle = {Energy Informatics},
 journal = {Energy Informatics},
 title = {A practical approach to cluster validation in the energy sector},
 volume = {4},
 year = {2021}
}

@article{wu2020determiningoc,
 author = {Zhenliang Wu and Yuwei Zhang and J. H. Zhang and Kelin Xia and Fei Xia},
 booktitle = {Journal of Computational Chemistry},
 journal = {Journal of Computational Chemistry},
 pages = {14 - 20},
 title = {Determining Optimal Coarse‐Grained Representation for Biomolecules Using Internal Cluster Validation Indexes},
 volume = {41},
 year = {2020}
}

@article{woo2022costcl,
 author = {Gerald Woo and Chenghao Liu and Doyen Sahoo and Akshat Kumar and Steven C. H. Hoi},
 booktitle = {International Conference on Learning Representations},
 journal = {ArXiv},
 title = {CoST: Contrastive Learning of Disentangled Seasonal-Trend Representations for Time Series Forecasting},
 volume = {abs/2202.01575},
 year = {2022}
}
