%% LaTeX2e file `references.bib'
%% generated by the `filecontents' environment
%% from source `template' on 2025/08/17.
%%
@book{goodfellow2016deep,
  title={Deep learning},
  author={Goodfellow, Ian and Bengio, Yoshua and Courville, Aaron and Bengio, Yoshua},
  volume={1},
  year={2016},
  publisher={MIT Press}
}

@article{cingillioglu2021pix2ruleen,
 author = {Nuri Cingillioglu and A. Russo},
 booktitle = {International Workshop on Neural-Symbolic Learning and Reasoning},
 pages = {15-56},
 title = {pix2rule: End-to-end Neuro-symbolic Rule Learning},
 year = {2021}
}

@article{bortolotti2024anb,
 author = {Samuele Bortolotti and Emanuele Marconato and Tommaso Carraro and Paolo Morettin and Emile van Krieken and Antonio Vergari and Stefano Teso and Andrea Passerini},
 booktitle = {Neural Information Processing Systems},
 title = {A Neuro-Symbolic Benchmark Suite for Concept Quality and Reasoning Shortcuts},
 year = {2024}
}

@article{li2020closedln,
 author = {Qing Li and Siyuan Huang and Yining Hong and Yixin Chen and Y. Wu and Song-Chun Zhu},
 booktitle = {International Conference on Machine Learning},
 journal = {ArXiv},
 title = {Closed Loop Neural-Symbolic Learning via Integrating Neural Perception, Grammar Parsing, and Symbolic Reasoning},
 volume = {abs/2006.06649},
 year = {2020}
}

@article{lin2024fuzzynl,
 author = {Guo Lin and Yongfeng Zhang},
 booktitle = {ACM Transactions on Knowledge Discovery from Data},
 journal = {ACM Transactions on Knowledge Discovery from Data},
 pages = {1 - 29},
 title = {Fuzzy Neural Logic Reasoning for Robust Classification},
 volume = {19},
 year = {2024}
}

@article{vats2025empoweringlf,
 author = {Shaurya Vats and Sai Phani Chatti and Aravind Devanand and Sandeep Krishnan and Rohit Karanth Kota},
 booktitle = {Systems and Control Transactions},
 journal = {Systems and Control Transactions},
 title = {Empowering LLMs for Mathematical Reasoning and Optimization: A Multi-Agent Symbolic Regression System},
 year = {2025}
}

@article{patel2024multilogievalte,
 author = {Nisarg Patel and Mohith Kulkarni and Mihir Parmar and Aashna Budhiraja and Mutsumi Nakamura and Neeraj Varshney and Chitta Baral},
 booktitle = {Conference on Empirical Methods in Natural Language Processing},
 journal = {ArXiv},
 title = {Multi-LogiEval: Towards Evaluating Multi-Step Logical Reasoning Ability of Large Language Models},
 volume = {abs/2406.17169},
 year = {2024}
}

@article{cho2014learningpr,
 author = {Kyunghyun Cho and B. V. Merrienboer and Çaglar Gülçehre and Dzmitry Bahdanau and Fethi Bougares and Holger Schwenk and Yoshua Bengio},
 booktitle = {Conference on Empirical Methods in Natural Language Processing},
 pages = {1724-1734},
 title = {Learning Phrase Representations using RNN Encoder–Decoder for Statistical Machine Translation},
 year = {2014}
}

@article{kingma2014adamam,
 author = {Diederik P. Kingma and Jimmy Ba},
 booktitle = {International Conference on Learning Representations},
 journal = {CoRR},
 title = {Adam: A Method for Stochastic Optimization},
 volume = {abs/1412.6980},
 year = {2014}
}

@article{wang2024marsbt,
 author = {Weiqi Wang and Yangqiu Song},
 booktitle = {Annual Meeting of the Association for Computational Linguistics},
 journal = {ArXiv},
 title = {MARS: Benchmarking the Metaphysical Reasoning Abilities of Language Models with a Multi-task Evaluation Dataset},
 volume = {abs/2406.02106},
 year = {2024}
}

@article{xie2025finchainas,
 author = {Zhuohan Xie and Dhruv Sahnan and Debopriyo Banerjee and Georgi N. Georgiev and Rushil Thareja and Hachem Madmoun and Jinyan Su and Aaryamonvikram Singh and Yuxia Wang and Rui Xing and Fajri Koto and Haonan Li and Ivan Koychev and Tanmoy Chakraborty and Salem Lahlou and Veselin Stoyanov and Preslav Nakov},
 booktitle = {arXiv.org},
 journal = {ArXiv},
 title = {FinChain: A Symbolic Benchmark for Verifiable Chain-of-Thought Financial Reasoning},
 volume = {abs/2506.02515},
 year = {2025}
}
