%% LaTeX2e file `references.bib'
%% generated by the `filecontents' environment
%% from source `template' on 2025/08/16.
%%
@book{goodfellow2016deep,
  title={Deep learning},
  author={Goodfellow, Ian and Bengio, Yoshua and Courville, Aaron and Bengio, Yoshua},
  volume={1},
  year={2016},
  publisher={MIT Press}
}

@article{chen2020asf,
 author = {Ting Chen and Simon Kornblith and Mohammad Norouzi and Geoffrey E. Hinton},
 booktitle = {International Conference on Machine Learning},
 journal = {ArXiv},
 title = {A Simple Framework for Contrastive Learning of Visual Representations},
 volume = {abs/2002.05709},
 year = {2020}
}

@inproceedings{choi2025similarityguideddf,
 author = {Jinkyeong Choi and Yejin Noh and Donghyeon Park},
 title = {Similarity-Guided Diffusion for Contrastive Sequential Recommendation},
 year = {2025}
}

@article{pulicharla2025neurosymbolicab,
 author = {Mohan Raja Pulicharla},
 booktitle = {World Journal of Advanced Research and Reviews},
 journal = {World Journal of Advanced Research and Reviews},
 title = {Neurosymbolic AI: Bridging neural networks and symbolic reasoning},
 year = {2025}
}
