
% The paper 'Neural-Symbolic Integration: A Compositional Perspective' provides foundational insights on integrating neural and symbolic systems in a modular and compositional manner. This is directly relevant to the proposed research on neural-symbolic integration for zero-shot learning in Synthetic PolyRule Reasoning (SPR). It should be cited in the related work section to establish the theoretical basis for combining neural networks and symbolic reasoning frameworks.
@article{tsamoura2020neuralsymbolicia,
 author = {Efthymia Tsamoura and Loizos Michael},
 booktitle = {AAAI Conference on Artificial Intelligence},
 pages = {5051-5060},
 title = {Neural-Symbolic Integration: A Compositional Perspective},
 year = {2020}
}

% The paper 'NeSyGeo: A Neuro-Symbolic Framework for Multimodal Geometric Reasoning Data Generation' introduces a neuro-symbolic framework for generating reasoning datasets and benchmarks, such as NeSyGeo-Test, to evaluate geometric reasoning in multimodal large language models. This work is relevant to the use of SPR_BENCH in our experiments, as it provides a foundation for understanding and contextualizing benchmarks designed for symbolic reasoning tasks. It should be cited in the Methods section when describing the SPR_BENCH benchmark.
@article{wu2025nesygeoan,
 author = {Weiming Wu and Zi-kang Wang and Jin Ye and Zhi Zhou and Yu-Feng Li and Lan-Zhe Guo},
 booktitle = {arXiv.org},
 journal = {ArXiv},
 title = {NeSyGeo: A Neuro-Symbolic Framework for Multimodal Geometric Reasoning Data Generation},
 volume = {abs/2505.17121},
 year = {2025}
}

% The paper 'Zero-shot Sequential Neuro-symbolic Reasoning for Automatically Generating Architecture Schematic Designs' introduces a novel approach for zero-shot reasoning using neuro-symbolic methods, demonstrating its effectiveness in architectural design tasks. This work is relevant to the hypothesis that integrating neural-symbolic frameworks enables zero-shot learning in unseen rule-based tasks. It should be cited in the related work section to highlight similar methodologies and support the proposed approach in Synthetic PolyRule Reasoning (SPR).
@article{kodnongbua2024zeroshotsn,
 author = {Milin Kodnongbua and Lawrence H. Curtis and Adriana Schulz},
 booktitle = {arXiv.org},
 journal = {ArXiv},
 title = {Zero-shot Sequential Neuro-symbolic Reasoning for Automatically Generating Architecture Schematic Designs},
 volume = {abs/2402.00052},
 year = {2024}
}

% The paper 'Large Language Models are Zero-Shot Reasoners' by Kojima et al. demonstrates the zero-shot reasoning capabilities of LLMs using chain-of-thought prompting, highlighting their ability to perform complex reasoning tasks without task-specific exemplars. This is directly relevant to the hypothesis that neural-symbolic integration enables zero-shot learning in Synthetic PolyRule Reasoning (SPR). It should be cited in the related work section to establish the theoretical foundation for utilizing zero-shot reasoning capabilities in neural-symbolic models.
@article{kojima2022largelm,
 author = {Takeshi Kojima and S. Gu and Machel Reid and Yutaka Matsuo and Yusuke Iwasawa},
 booktitle = {Neural Information Processing Systems},
 journal = {ArXiv},
 title = {Large Language Models are Zero-Shot Reasoners},
 volume = {abs/2205.11916},
 year = {2022}
}

% The paper 'SymDQN: Symbolic Knowledge and Reasoning in Neural Network-based Reinforcement Learning' introduces a neuro-symbolic architecture, SymDQN, that integrates symbolic reasoning modules with a deep Q-network and performs an ablation study to analyze the contributions of these modules. This is directly relevant to the proposed methodology involving the evaluation of neural and symbolic components in Synthetic PolyRule Reasoning (SPR). It should be cited in the Experiments section to support the use of ablation studies in assessing individual module contributions.
@article{amador2025symdqnsk,
 author = {Ivo Amador and Nina Gierasimczuk},
 booktitle = {arXiv.org},
 journal = {ArXiv},
 title = {SymDQN: Symbolic Knowledge and Reasoning in Neural Network-based Reinforcement Learning},
 volume = {abs/2504.02654},
 year = {2025}
}

% The paper 'Compositional Generalization via Neural-Symbolic Stack Machines' introduces the Neural-Symbolic Stack Machine (NeSS), a framework that combines neural networks and a symbolic stack machine to achieve compositional generalization. It demonstrates success in generalizing to unseen cases across multiple benchmarks. This work supports the argument that neural-symbolic integration enhances generalization to unseen rule-based tasks, making it relevant for the related work section to strengthen the theoretical and empirical foundation of the proposed approach in Synthetic PolyRule Reasoning (SPR).
@article{chen2020compositionalgv,
 author = {Xinyun Chen and Chen Liang and Adams Wei Yu and D. Song and Denny Zhou},
 booktitle = {Neural Information Processing Systems},
 journal = {ArXiv},
 title = {Compositional Generalization via Neural-Symbolic Stack Machines},
 volume = {abs/2008.06662},
 year = {2020}
}

% The paper 'Investigating Symbolic Capabilities of Large Language Models' discusses the challenges and limitations of large language models in generalizing to complex symbolic reasoning tasks, especially in zero-shot settings. It highlights the performance decline as the complexity of symbolic tasks increases, providing a relevant context for the challenges addressed by our proposed approach. This paper should be cited in the Related Work section to emphasize the research gap in generalization for symbolic reasoning frameworks.
@article{dave2024investigatingsc,
 author = {Neisarg Dave and Daniel Kifer and C. L. Giles and A. Mali},
 booktitle = {LNSAI@IJCAI},
 journal = {ArXiv},
 title = {Investigating Symbolic Capabilities of Large Language Models},
 volume = {abs/2405.13209},
 year = {2024}
}
