%% LaTeX2e file `references.bib'
%% generated by the `filecontents' environment
%% from source `template' on 2025/08/17.
%%
@book{goodfellow2016deep,
  title={Deep learning},
  author={Goodfellow, Ian and Bengio, Yoshua and Courville, Aaron and Bengio, Yoshua},
  volume={1},
  year={2016},
  publisher={MIT Press}
}

@article{vaswani2017attentionia,
 author = {Ashish Vaswani and Noam M. Shazeer and Niki Parmar and Jakob Uszkoreit and Llion Jones and Aidan N. Gomez and Lukasz Kaiser and I. Polosukhin},
 booktitle = {Neural Information Processing Systems},
 pages = {5998-6008},
 title = {Attention is All you Need},
 year = {2017}
}

@article{ethayarajh2019howca,
 author = {Kawin Ethayarajh},
 booktitle = {Conference on Empirical Methods in Natural Language Processing},
 pages = {55-65},
 title = {How Contextual are Contextualized Word Representations? Comparing the Geometry of BERT, ELMo, and GPT-2 Embeddings},
 year = {2019}
}

@article{pulicharla2025neurosymbolicab,
 author = {Mohan Raja Pulicharla},
 booktitle = {World Journal of Advanced Research and Reviews},
 journal = {World Journal of Advanced Research and Reviews},
 title = {Neurosymbolic AI: Bridging neural networks and symbolic reasoning},
 year = {2025}
}

@article{lu2021trainingln,
 author = {Songtao Lu and Naweed Khan and I. Akhalwaya and Ryan Riegel and L. Horesh and Alexander G. Gray},
 booktitle = {IEEE International Conference on Acoustics, Speech, and Signal Processing},
 journal = {ICASSP 2021 - 2021 IEEE International Conference on Acoustics, Speech and Signal Processing (ICASSP)},
 pages = {5559-5563},
 title = {Training Logical Neural Networks by Primalâ€“Dual Methods for Neuro-Symbolic Reasoning},
 year = {2021}
}

@article{sileo2024scalingsl,
 author = {Damien Sileo},
 booktitle = {Conference on Empirical Methods in Natural Language Processing},
 journal = {ArXiv},
 title = {Scaling Synthetic Logical Reasoning Datasets with Context-Sensitive Declarative Grammars},
 volume = {abs/2406.11035},
 year = {2024}
}

@article{li2025codeiocr,
 author = {Junlong Li and Daya Guo and Dejian Yang and Runxin Xu and Yu Wu and Junxian He},
 booktitle = {arXiv.org},
 journal = {ArXiv},
 title = {CodeI/O: Condensing Reasoning Patterns via Code Input-Output Prediction},
 volume = {abs/2502.07316},
 year = {2025}
}
