
% This paper introduces TrustKG, a framework combining symbolic reasoning with inductive learning in hybrid AI systems, focusing on knowledge representation and interpretability. It is relevant for providing background on hybrid symbolic-numeric systems and can be cited to highlight the gap in addressing poly-factor rules in symbolic reasoning tasks. This would fit in the Related Work section to contextualize the challenges in symbolic reasoning.
@article{chudasama2025towardih,
 author = {Yasharajsinh Chudasama and Hao Huang and Disha Purohit and Maria-Esther Vidal},
 booktitle = {IEEE Access},
 journal = {IEEE Access},
 pages = {39489-39509},
 title = {Toward Interpretable Hybrid AI: Integrating Knowledge Graphs and Symbolic Reasoning in Medicine},
 volume = {13},
 year = {2025}
}

% This paper presents NeSyMoF, a neuro-symbolic model combining deep learning and symbolic reasoning for motion forecasting. It highlights challenges like interpretability and error diagnosis in symbolic reasoning tasks, which are relevant to the challenges addressed in symbolic PolyRule reasoning. This citation can be used in the 'Related Work' section to support the discussion of gaps in current symbolic reasoning methodologies.
@article{doula2024nesymofan,
 author = {Achref Doula and Huijie Yin and Max Mühlhäuser and Alejandro Sánchez Guinea},
 booktitle = {IEEE/RJS International Conference on Intelligent RObots and Systems},
 journal = {2024 IEEE/RSJ International Conference on Intelligent Robots and Systems (IROS)},
 pages = {919-926},
 title = {NeSyMoF: A Neuro-Symbolic Model for Motion Forecasting},
 year = {2024}
}

% Paper 1 discusses how causal language modeling with Transformers can solve logical reasoning tasks like Sudoku, demonstrating their reasoning capabilities when trained on logical sequences. This is relevant to SPR as it supports using Transformers for reasoning tasks. Paper 2 introduces RESOLVE, a neuro-symbolic architecture that enhances Transformer-based reasoning by combining relational and object-level features, addressing challenges in reasoning tasks. These citations are suited for the 'Related Work' section to contextualize advancements in Transformer-based reasoning methods for symbolic tasks.
@article{shah2024causallm,
 author = {Kulin Shah and Nishanth Dikkala and Xin Wang and Rina Panigrahy},
 booktitle = {Neural Information Processing Systems},
 journal = {ArXiv},
 title = {Causal Language Modeling Can Elicit Search and Reasoning Capabilities on Logic Puzzles},
 volume = {abs/2409.10502},
 year = {2024}
}

@article{mejri2024resolverr,
 author = {Mohamed Mejri and C. Amarnath and Abhijit Chatterjee},
 booktitle = {arXiv.org},
 journal = {ArXiv},
 title = {RESOLVE: Relational Reasoning with Symbolic and Object-Level Features Using Vector Symbolic Processing},
 volume = {abs/2411.08290},
 year = {2024}
}

% The FinChain paper introduces a symbolic benchmark for verifiable chain-of-thought financial reasoning, addressing challenges in creating datasets and evaluation metrics for symbolic reasoning tasks. This is highly relevant for contextualizing the SPR_BENCH dataset, as both works deal with symbolic reasoning and dataset creation. This citation should be included in the 'Datasets, models, and optimizers' section to highlight the challenges and importance of benchmarking in symbolic reasoning research.
@article{xie2025finchainas,
 author = {Zhuohan Xie and Dhruv Sahnan and Debopriyo Banerjee and Georgi N. Georgiev and Rushil Thareja and Hachem Madmoun and Jinyan Su and Aaryamonvikram Singh and Yuxia Wang and Rui Xing and Fajri Koto and Haonan Li and Ivan Koychev and Tanmoy Chakraborty and Salem Lahlou and Veselin Stoyanov and Preslav Nakov},
 booktitle = {arXiv.org},
 journal = {ArXiv},
 title = {FinChain: A Symbolic Benchmark for Verifiable Chain-of-Thought Financial Reasoning},
 volume = {abs/2506.02515},
 year = {2025}
}

% This paper provides a comprehensive review of AntMiner algorithms, which are foundational methodologies for rule-based classification. It discusses rule construction strategies, evaluation functions, and real-world applications, making it relevant to the 'Using Established Methods' section. This citation will help contextualize and validate the application of rule-based classification techniques in the Symbolic PolyRule Reasoning experiments.
@article{hossain2022rulebasedcb,
 author = {Sayed Kaes Maruf Hossain and Sajia Afrin Ema and Hansuk Sohn},
 booktitle = {Applied Computational Intelligence and Soft Computing},
 journal = {Appl. Comput. Intell. Soft Comput.},
 pages = {2232000:1-2232000:17},
 title = {Rule-Based Classification Based on Ant Colony Optimization: A Comprehensive Review},
 volume = {2022},
 year = {2022}
}

% This paper explores Bayesian regularization techniques for machine learning models, focusing on their theoretical foundations and ability to improve generalization and reduce overfitting. It is relevant to the 'Risk Factors and Limitations' section, supporting the discussion on challenges in overfitting and regularization in symbolic reasoning tasks like Symbolic PolyRule Reasoning.
@article{fila2024mitigatingoi,
 author = {Rudy J.J Boussi Fila and S. Attri and Vivek Sharma},
 booktitle = {2024 IEEE Region 10 Symposium (TENSYMP)},
 journal = {2024 IEEE Region 10 Symposium (TENSYMP)},
 pages = {1-6},
 title = {Mitigating Overfitting in Deep Learning: Insights from Bayesian Regularization},
 year = {2024}
}

% Paper 0 provides a systematic review of neuro-symbolic AI and discusses challenges and potential future directions, which is useful for suggesting extensions to Symbolic PolyRule Reasoning. Paper 3 identifies open problems and future research directions in neural-symbolic computing, aligning with the goal of proposing future research. These citations should be included in the 'Suggesting Future Research' section to highlight potential avenues for advancing the field of symbolic reasoning and neuro-symbolic AI.
@article{wan2024towardsca,
 author = {Zishen Wan and Che-Kai Liu and Hanchen Yang and Chaojian Li and Haoran You and Yonggan Fu and Cheng Wan and Tushar Krishna and Y. Lin and A. Raychowdhury},
 booktitle = {arXiv.org},
 journal = {ArXiv},
 title = {Towards Cognitive AI Systems: a Survey and Prospective on Neuro-Symbolic AI},
 volume = {abs/2401.01040},
 year = {2024}
}

@article{wang2022towardsdk,
 author = {Wenguan Wang and Yi Yang},
 booktitle = {arXiv.org},
 journal = {ArXiv},
 title = {Towards Data-and Knowledge-Driven Artificial Intelligence: A Survey on Neuro-Symbolic Computing},
 volume = {abs/2210.15889},
 year = {2022}
}
