%% LaTeX2e file `references.bib'
%% generated by the `filecontents' environment
%% from source `template' on 2025/08/31.
%%
@book{goodfellow2016deep,
  title={Deep learning},
  author={Goodfellow, Ian and Bengio, Yoshua and Courville, Aaron and Bengio, Yoshua},
  volume={1},
  year={2016},
  publisher={MIT Press}
}

@article{kipf2016semisupervisedcw,
 author = {Thomas Kipf and M. Welling},
 booktitle = {International Conference on Learning Representations},
 journal = {ArXiv},
 title = {Semi-Supervised Classification with Graph Convolutional Networks},
 volume = {abs/1609.02907},
 year = {2016}
}

@article{velickovic2017graphan,
 author = {Petar Velickovic and Guillem Cucurull and Arantxa Casanova and Adriana Romero and P. Lio’ and Yoshua Bengio},
 booktitle = {International Conference on Learning Representations},
 journal = {ArXiv},
 title = {Graph Attention Networks},
 volume = {abs/1710.10903},
 year = {2017}
}

@article{vaswani2017attentionia,
 author = {Ashish Vaswani and Noam M. Shazeer and Niki Parmar and Jakob Uszkoreit and Llion Jones and Aidan N. Gomez and Lukasz Kaiser and I. Polosukhin},
 booktitle = {Neural Information Processing Systems},
 pages = {5998-6008},
 title = {Attention is All you Need},
 year = {2017}
}

@article{morishita2024enhancingrc,
 author = {Terufumi Morishita and Gaku Morio and Atsuki Yamaguchi and Yasuhiro Sogawa},
 booktitle = {Neural Information Processing Systems},
 journal = {ArXiv},
 title = {Enhancing Reasoning Capabilities of LLMs via Principled Synthetic Logic Corpus},
 volume = {abs/2411.12498},
 year = {2024}
}

@article{jiang2024graphnn,
 author = {Weiwei Jiang and Haoyu Han and Yang Zhang and Ji’an Wang and Miao He and Weixi Gu and Jianbin Mu and Xirong Cheng},
 booktitle = {Sustainability},
 journal = {Sustainability},
 title = {Graph Neural Networks for Routing Optimization: Challenges and Opportunities},
 year = {2024}
}

@article{li2023depwignnad,
 author = {Shuaiyi Li and Yang Deng and Wai Lam},
 booktitle = {Conference on Empirical Methods in Natural Language Processing},
 journal = {ArXiv},
 title = {DepWiGNN: A Depth-wise Graph Neural Network for Multi-hop Spatial Reasoning in Text},
 volume = {abs/2310.12557},
 year = {2023}
}

@article{lemos2020neuralsymbolicrr,
 author = {Henrique Lemos and Pedro H. C. Avelar and Marcelo O. R. Prates and L. Lamb and A. Garcez},
 booktitle = {International Conference on Artificial Neural Networks},
 journal = {ArXiv},
 title = {Neural-Symbolic Relational Reasoning on Graph Models: Effective Link Inference and Computation from Knowledge Bases},
 volume = {abs/2005.02525},
 year = {2020}
}

@article{liang2018symbolicgr,
 author = {Xiaodan Liang and Zhiting Hu and Hao Zhang and Liang Lin and E. Xing},
 booktitle = {Neural Information Processing Systems},
 pages = {1858-1868},
 title = {Symbolic Graph Reasoning Meets Convolutions},
 year = {2018}
}

@article{zhou2024enhancinglr,
 author = {Jiaming Zhou and Abbas Ghaddar and Ge Zhang and Liheng Ma and Yaochen Hu and Soumyasundar Pal and Mark Coates and Bin Wang and Yingxue Zhang and Jianye Hao},
 booktitle = {arXiv.org},
 journal = {ArXiv},
 title = {Enhancing Logical Reasoning in Large Language Models through Graph-based Synthetic Data},
 volume = {abs/2409.12437},
 year = {2024}
}
