%% LaTeX2e file `references.bib'
%% generated by the `filecontents' environment
%% from source `template' on 2025/08/31.
%%
@book{goodfellow2016deep,
  title={Deep learning},
  author={Goodfellow, Ian and Bengio, Yoshua and Courville, Aaron and Bengio, Yoshua},
  volume={1},
  year={2016},
  publisher={MIT Press}
}

@conference{tadikamalla2024efficientds,
 author = {Sai Sanjana Tadikamalla and Y.Venkata Chandu and Gummadi Devendra Kumar and Kadiyala Sarath and Syed Shareefunnisa},
 booktitle = {International Workshop on Artificial Intelligence and Cognition},
 journal = {2024 IEEE 3rd World Conference on Applied Intelligence and Computing (AIC)},
 pages = {340-345},
 title = {Efficient Data Summarization Using Contemporary Clustering Techniques},
 year = {2024}
}

@article{santoro2018measuringar,
 author = {Adam Santoro and Felix Hill and D. Barrett and Ari S. Morcos and T. Lillicrap},
 booktitle = {International Conference on Machine Learning},
 journal = {ArXiv},
 title = {Measuring abstract reasoning in neural networks},
 volume = {abs/1807.04225},
 year = {2018}
}

@article{pulicharla2025neurosymbolicab,
 author = {Mohan Raja Pulicharla},
 booktitle = {World Journal of Advanced Research and Reviews},
 journal = {World Journal of Advanced Research and Reviews},
 title = {Neurosymbolic AI: Bridging neural networks and symbolic reasoning},
 year = {2025}
}

@article{fort2017gaussianpn,
 author = {Stanislav Fort},
 booktitle = {arXiv.org},
 journal = {ArXiv},
 title = {Gaussian Prototypical Networks for Few-Shot Learning on Omniglot},
 volume = {abs/1708.02735},
 year = {2017}
}

@article{allen2019infinitemp,
 author = {Kelsey R. Allen and Evan Shelhamer and Hanul Shin and J. Tenenbaum},
 booktitle = {International Conference on Machine Learning},
 pages = {232-241},
 title = {Infinite Mixture Prototypes for Few-Shot Learning},
 year = {2019}
}

@article{faiz2025primendersa,
 author = {Mohd Anwar Jamal Faiz},
 booktitle = {arXiv.org},
 journal = {ArXiv},
 title = {Primender Sequence: A Novel Mathematical Construct for Testing Symbolic Inference and AI Reasoning},
 volume = {abs/2506.10585},
 year = {2025}
}

@article{riegel2020logicalnn,
 author = {Ryan Riegel and Alexander G. Gray and F. Luus and Naweed Khan and Ndivhuwo Makondo and I. Akhalwaya and Haifeng Qian and Ronald Fagin and F. Barahona and Udit Sharma and S. Ikbal and Hima P. Karanam and S. Neelam and Ankita Likhyani and S. Srivastava},
 booktitle = {arXiv.org},
 journal = {ArXiv},
 title = {Logical Neural Networks},
 volume = {abs/2006.13155},
 year = {2020}
}

@article{legris2024harcar,
 author = {Solim LeGris and Wai Keen Vong and B. Lake and T. Gureckis},
 booktitle = {arXiv.org},
 journal = {ArXiv},
 title = {H-ARC: A Robust Estimate of Human Performance on the Abstraction and Reasoning Corpus Benchmark},
 volume = {abs/2409.01374},
 year = {2024}
}

@article{guzel2024efficientir,
 author = {Başak Esin Köktürk Güzel},
 booktitle = {Erzincan Üniversitesi Fen Bilimleri Enstitüsü Dergisi},
 journal = {Erzincan Üniversitesi Fen Bilimleri Enstitüsü Dergisi},
 title = {Efficient Image Retrieval in Fashion: Leveraging Clustering and Principal Component Analysis for Search Space Reduction},
 year = {2024}
}

@article{devlin2019bertpo,
 author = {Jacob Devlin and Ming-Wei Chang and Kenton Lee and Kristina Toutanova},
 booktitle = {North American Chapter of the Association for Computational Linguistics},
 pages = {4171-4186},
 title = {BERT: Pre-training of Deep Bidirectional Transformers for Language Understanding},
 year = {2019}
}

@inproceedings{yang2025multiheadtp,
 author = {Tong Yang and Yu Huang and Yingbin Liang and Yuejie Chi},
 title = {Multi-head Transformers Provably Learn Symbolic Multi-step Reasoning via Gradient Descent},
 year = {2025}
}
