%% LaTeX2e file `references.bib'
%% generated by the `filecontents' environment
%% from source `template' on 2025/08/14.
%%
@book{goodfellow2016deep,
  title={Deep learning},
  author={Goodfellow, Ian and Bengio, Yoshua and Courville, Aaron and Bengio, Yoshua},
  volume={1},
  year={2016},
  publisher={MIT Press}
}

@article{tsamoura2020neuralsymbolicia,
 author = {Efthymia Tsamoura and Loizos Michael},
 booktitle = {AAAI Conference on Artificial Intelligence},
 pages = {5051-5060},
 title = {Neural-Symbolic Integration: A Compositional Perspective},
 year = {2020}
}

@article{wu2025nesygeoan,
 author = {Weiming Wu and Zi-kang Wang and Jin Ye and Zhi Zhou and Yu-Feng Li and Lan-Zhe Guo},
 booktitle = {arXiv.org},
 journal = {ArXiv},
 title = {NeSyGeo: A Neuro-Symbolic Framework for Multimodal Geometric Reasoning Data Generation},
 volume = {abs/2505.17121},
 year = {2025}
}

@article{kodnongbua2024zeroshotsn,
 author = {Milin Kodnongbua and Lawrence H. Curtis and Adriana Schulz},
 booktitle = {arXiv.org},
 journal = {ArXiv},
 title = {Zero-shot Sequential Neuro-symbolic Reasoning for Automatically Generating Architecture Schematic Designs},
 volume = {abs/2402.00052},
 year = {2024}
}

@article{kojima2022largelm,
 author = {Takeshi Kojima and S. Gu and Machel Reid and Yutaka Matsuo and Yusuke Iwasawa},
 booktitle = {Neural Information Processing Systems},
 journal = {ArXiv},
 title = {Large Language Models are Zero-Shot Reasoners},
 volume = {abs/2205.11916},
 year = {2022}
}

@article{amador2025symdqnsk,
 author = {Ivo Amador and Nina Gierasimczuk},
 booktitle = {arXiv.org},
 journal = {ArXiv},
 title = {SymDQN: Symbolic Knowledge and Reasoning in Neural Network-based Reinforcement Learning},
 volume = {abs/2504.02654},
 year = {2025}
}

@article{chen2020compositionalgv,
 author = {Xinyun Chen and Chen Liang and Adams Wei Yu and D. Song and Denny Zhou},
 booktitle = {Neural Information Processing Systems},
 journal = {ArXiv},
 title = {Compositional Generalization via Neural-Symbolic Stack Machines},
 volume = {abs/2008.06662},
 year = {2020}
}

@article{dave2024investigatingsc,
 author = {Neisarg Dave and Daniel Kifer and C. L. Giles and A. Mali},
 booktitle = {LNSAI@IJCAI},
 journal = {ArXiv},
 title = {Investigating Symbolic Capabilities of Large Language Models},
 volume = {abs/2405.13209},
 year = {2024}
}
