%% LaTeX2e file `references.bib'
%% generated by the `filecontents' environment
%% from source `template' on 2025/08/17.
%%
@book{goodfellow2016deep,
  title={Deep learning},
  author={Goodfellow, Ian and Bengio, Yoshua and Courville, Aaron and Bengio, Yoshua},
  volume={1},
  year={2016},
  publisher={MIT Press}
}

@article{hossain2022rulebasedcb,
 author = {Sayed Kaes Maruf Hossain and Sajia Afrin Ema and Hansuk Sohn},
 booktitle = {Applied Computational Intelligence and Soft Computing},
 journal = {Appl. Comput. Intell. Soft Comput.},
 pages = {2232000:1-2232000:17},
 title = {Rule-Based Classification Based on Ant Colony Optimization: A Comprehensive Review},
 volume = {2022},
 year = {2022}
}

@article{marra2024fromsr,
 author = {Giuseppe Marra},
 booktitle = {AAAI Conference on Artificial Intelligence},
 pages = {22678},
 title = {From Statistical Relational to Neuro-Symbolic Artificial Intelligence},
 year = {2024}
}

@article{ylmaz2016apf,
 author = {Özgür Yılmaz and A. Garcez and Daniel L. Silver},
 booktitle = {NeSy@HLAI},
 title = {A Proposal for Common Dataset in Neural-Symbolic Reasoning Studies},
 year = {2016}
}

@article{brinkmann2024ama,
 author = {Jannik Brinkmann and A. Sheshadri and Victor Levoso and Paul Swoboda and Christian Bartelt},
 booktitle = {Annual Meeting of the Association for Computational Linguistics},
 pages = {4082-4102},
 title = {A Mechanistic Analysis of a Transformer Trained on a Symbolic Multi-Step Reasoning Task},
 year = {2024}
}

@article{kamali2024nesycocoan,
 author = {Danial Kamali and Elham J. Barezi and Parisa Kordjamshidi},
 booktitle = {arXiv.org},
 journal = {ArXiv},
 title = {NeSyCoCo: A Neuro-Symbolic Concept Composer for Compositional Generalization},
 volume = {abs/2412.15588},
 year = {2024}
}

@article{sun2025systematicar,
 author = {Zhong-Hua Sun and Rui Zhang and Zonglei Zhen and Da-Hui Wang and Yong-Jie Li and Xiaohong Wan and Hongzhi You},
 booktitle = {arXiv.org},
 journal = {ArXiv},
 title = {Systematic Abductive Reasoning via Diverse Relation Representations in Vector-symbolic Architecture},
 volume = {abs/2501.11896},
 year = {2025}
}

@article{landajuela2021improvingei,
 author = {Mikel Landajuela and Brenden K. Petersen and S. K. Kim and Cláudio P. Santiago and R. Glatt and T. Mundhenk and Jacob F. Pettit and Daniel M. Faissol},
 booktitle = {arXiv.org},
 journal = {ArXiv},
 title = {Improving exploration in policy gradient search: Application to symbolic optimization},
 volume = {abs/2107.09158},
 year = {2021}
}

@article{pesaresi2016anm,
 author = {M. Pesaresi and V. Syrris and Andreea Julea},
 booktitle = {Remote Sensing},
 journal = {Remote. Sens.},
 pages = {399},
 title = {A New Method for Earth Observation Data Analytics Based on Symbolic Machine Learning},
 volume = {8},
 year = {2016}
}

@inproceedings{tie2025mmlureasonbm,
 author = {Guiyao Tie and Xueyang Zhou and Tianhe Gu and Ruihang Zhang and Chaoran Hu and Sizhe Zhang and Mengqu Sun and Yan Zhang and Pan Zhou and Lichao Sun},
 title = {MMLU-Reason: Benchmarking Multi-Task Multi-modal Language Understanding and Reasoning},
 year = {2025}
}
