
% This paper on 'Learning Reasoning Strategies in End-to-End Differentiable Proving' introduces Conditional Theorem Provers (CTPs), a neuro-symbolic model that improves upon standard Neural Theorem Provers (NTPs) by learning optimal rule selection strategies. It is highly relevant for discussing symbolic learning and reasoning frameworks in the context of improving SPR accuracy with symbolic glyph clustering. The citation will support the background and related work sections of the paper.
@article{minervini2020learningrs,
 author = {Pasquale Minervini and Sebastian Riedel and Pontus Stenetorp and Edward Grefenstette and Tim Rocktäschel},
 booktitle = {International Conference on Machine Learning},
 pages = {6938-6949},
 title = {Learning Reasoning Strategies in End-to-End Differentiable Proving},
 year = {2020}
}

% This paper evaluates the clustering methods K-Means and DBSCAN using detailed validation metrics (e.g., Silhouette, Davies-Bouldin, and Dunn indexes) in the context of LiDAR data. It is relevant for citing the foundational use and evaluation of clustering algorithms, supporting the clustering methodology described in the experiments section of the proposed work.
@article{oliveira2023clusteringld,
 author = {Mafalda Oliveira and A. Marçal},
 booktitle = {International Conference on Pattern Recognition Applications and Methods},
 pages = {822-831},
 title = {Clustering LiDAR Data with K-means and DBSCAN},
 year = {2023}
}

% This paper introduces a declarative framework for constructing synthetic logical reasoning datasets, which aligns with the SPR_BENCH dataset used in the experiments. It provides context on the methodology behind generating such datasets and supports the citation of SPR_BENCH in the methodology and experiments sections of the paper.
@article{sileo2024scalingsl,
 author = {Damien Sileo},
 booktitle = {Conference on Empirical Methods in Natural Language Processing},
 journal = {ArXiv},
 title = {Scaling Synthetic Logical Reasoning Datasets with Context-Sensitive Declarative Grammars},
 volume = {abs/2406.11035},
 year = {2024}
}

% This paper discusses leveraging BERT, an advanced pre-trained language model, for feature extraction in cross-domain Named Entity Recognition (NER) tasks. It highlights the application of BERT in extracting features in scenarios with sparse annotation data, showcasing its ability to generalize across domains. This work supports the methodology of using pre-trained language models for extracting latent features in symbolic glyph clustering, as described in the preprocessing stage of the proposed experiments. It should be cited in the methodology section of the paper.
@article{guan2023crossdf,
 author = {Kunlun Guan and Yangsen Zhang},
 booktitle = {2023 IEEE Intl Conf on Parallel & Distributed Processing with Applications, Big Data & Cloud Computing, Sustainable Computing & Communications, Social Computing & Networking (ISPA/BDCloud/SocialCom/SustainCom)},
 journal = {2023 IEEE Intl Conf on Parallel & Distributed Processing with Applications, Big Data & Cloud Computing, Sustainable Computing & Communications, Social Computing & Networking (ISPA/BDCloud/SocialCom/SustainCom)},
 pages = {980-988},
 title = {Cross Domain Few Shot NER Via Data Enhancement Invariant Domain Feature Extraction Based on Diffusion Model},
 year = {2023}
}

% The paper 'Prototypical Networks for Few-shot Learning' introduces a foundational framework for few-shot classification using clustering in a learned metric space. It demonstrates the effectiveness of clustering-based approaches in limited-data regimes, which aligns with the proposed methodology of utilizing clustering for symbolic glyphs in abstract reasoning tasks. This citation will support the related work and methodology sections of the paper.
@article{snell2017prototypicalnf,
 author = {Jake Snell and Kevin Swersky and R. Zemel},
 booktitle = {Neural Information Processing Systems},
 pages = {4077-4087},
 title = {Prototypical Networks for Few-shot Learning},
 year = {2017}
}

% The paper 'Silhouette-Guided Instance-Weighted k-means' discusses the use of silhouette scores for clustering quality assessment and refinement, introducing an algorithm that emphasizes well-clustered instances based on silhouette scores. This aligns with the proposed methodology, which uses silhouette scores to validate clustering quality in symbolic glyph clustering. It will be cited in the methodology section to support the clustering validation approach.
@article{semoglou2025silhouetteguidedik,
 author = {Aggelos Semoglou and Aristidis Likas and John Pavlopoulos},
 booktitle = {arXiv.org},
 journal = {ArXiv},
 title = {Silhouette-Guided Instance-Weighted k-means},
 volume = {abs/2506.12878},
 year = {2025}
}

% This paper provides a comprehensive analysis of unsupervised clustering techniques and evaluates them using various validation metrics, including silhouette scores. It highlights the importance of silhouette scores as an internal evaluation metric. This citation will support the methodology section of the paper, justifying the use of silhouette scores for validating clustering quality in symbolic glyph clustering.
@article{sheng2025comparativeao,
 author = {ChenNingZhi Sheng and Rafal Kustra and Davide Chicco},
 booktitle = {arXiv.org},
 journal = {ArXiv},
 title = {Comparative analysis of unsupervised clustering techniques using validation metrics: Study on cognitive features from the Canadian Longitudinal Study on Aging (CLSA)},
 volume = {abs/2504.12270},
 year = {2025}
}

% The paper 'Characterizing Near-Surface Velocity Structures via Deep Learning' addresses overfitting mitigation in deep learning through architectural adjustments (e.g., dilated convolutions) and sample acquisition methods to improve generalization. These insights support the 'Risk Factors and Limitations' section of the proposed work by providing relevant techniques for mitigating overfitting risks in clustering-based models for symbolic reasoning tasks.
@article{li2024characterizingnv,
 author = {Zi’ang Li and Xiaofeng Jia and Jie Zhang and Peimin Zhu and Wei Cai and Hao Zhang and Zhiying Liao},
 booktitle = {IEEE Transactions on Geoscience and Remote Sensing},
 journal = {IEEE Transactions on Geoscience and Remote Sensing},
 pages = {1-13},
 title = {Characterizing Near-Surface Velocity Structures via Deep Learning},
 volume = {62},
 year = {2024}
}
