%% LaTeX2e file `references.bib'
%% generated by the `filecontents' environment
%% from source `template' on 2025/08/18.
%%
@book{goodfellow2016deep,
  title={Deep learning},
  author={Goodfellow, Ian and Bengio, Yoshua and Courville, Aaron and Bengio, Yoshua},
  volume={1},
  year={2016},
  publisher={MIT Press}
}

@article{graves2014neuraltm,
 author = {Alex Graves and Greg Wayne and Ivo Danihelka},
 booktitle = {arXiv.org},
 journal = {ArXiv},
 title = {Neural Turing Machines},
 volume = {abs/1410.5401},
 year = {2014}
}

@article{brinkmann2024ama,
 author = {Jannik Brinkmann and A. Sheshadri and Victor Levoso and Paul Swoboda and Christian Bartelt},
 booktitle = {Annual Meeting of the Association for Computational Linguistics},
 pages = {4082-4102},
 title = {A Mechanistic Analysis of a Transformer Trained on a Symbolic Multi-Step Reasoning Task},
 year = {2024}
}

@article{garcez2019neuralsymbolicca,
 author = {A. Garcez and M. Gori and L. Lamb and L. Serafini and Michael Spranger and S. Tran},
 booktitle = {FLAP},
 journal = {FLAP},
 pages = {611-632},
 title = {Neural-Symbolic Computing: An Effective Methodology for Principled Integration of Machine Learning and Reasoning},
 volume = {6},
 year = {2019}
}

@article{feldstein2024mappingtn,
 author = {Jonathan Feldstein and Paulius Dilkas and Vaishak Belle and Efthymia Tsamoura},
 booktitle = {arXiv.org},
 journal = {ArXiv},
 title = {Mapping the Neuro-Symbolic AI Landscape by Architectures: A Handbook on Augmenting Deep Learning Through Symbolic Reasoning},
 volume = {abs/2410.22077},
 year = {2024}
}

@article{xie2025finchainas,
 author = {Zhuohan Xie and Dhruv Sahnan and Debopriyo Banerjee and Georgi N. Georgiev and Rushil Thareja and Hachem Madmoun and Jinyan Su and Aaryamonvikram Singh and Yuxia Wang and Rui Xing and Fajri Koto and Haonan Li and Ivan Koychev and Tanmoy Chakraborty and Salem Lahlou and Veselin Stoyanov and Preslav Nakov},
 booktitle = {arXiv.org},
 journal = {ArXiv},
 title = {FinChain: A Symbolic Benchmark for Verifiable Chain-of-Thought Financial Reasoning},
 volume = {abs/2506.02515},
 year = {2025}
}

@article{ning2025gnssp,
 author = {Maizhen Ning and Zihao Zhou and Qiufeng Wang and Xiaowei Huang and Kaizhu Huang},
 booktitle = {AAAI Conference on Artificial Intelligence},
 pages = {24957-24965},
 title = {GNS: Solving Plane Geometry Problems by Neural-Symbolic Reasoning with Multi-Modal LLMs},
 year = {2025}
}

@conference{jiao2024transformerhn,
 author = {Bingyu Jiao and Yongzhong Huang},
 booktitle = {IEEE Advanced Information Technology, Electronic and Automation Control Conference},
 journal = {2024 IEEE 7th Advanced Information Technology, Electronic and Automation Control Conference (IAEAC)},
 pages = {901-906},
 title = {Transformer Hybrid Neural Network Model for Natural Language Reasoning},
 volume = {7},
 year = {2024}
}

@article{zhang2023naturalle,
 author = {Tianhua Zhang and Jiaxin Ge and Hongyin Luo and Yung-Sung Chuang and Mingye Gao and Yuan Gong and Xixin Wu and Yoon Kim and Helen Meng and James R. Glass},
 booktitle = {NAACL-HLT},
 pages = {4131-4155},
 title = {Natural Language Embedded Programs for Hybrid Language Symbolic Reasoning},
 year = {2023}
}

@inproceedings{wang2024thebm,
 author = {Zhiwei Wang and Yunji Wang and Zhongwang Zhang and Zhangchen Zhou and Hui Jin and Tianyang Hu and Jiacheng Sun and Zhenguo Li and Yaoyu Zhang and Z. Xu},
 title = {The Buffer Mechanism for Multi-Step Information Reasoning in Language Models},
 year = {2024}
}

@article{ye2025howdt,
 author = {Jiaran Ye and Zijun Yao and Zhidian Huang and Liangming Pan and Jinxin Liu and Yushi Bai and Amy Xin and Weichuan Liu and Xiaoyin Che and Lei Hou and Juanzi Li},
 booktitle = {arXiv.org},
 journal = {ArXiv},
 title = {How does Transformer Learn Implicit Reasoning?},
 volume = {abs/2505.23653},
 year = {2025}
}

@article{bortolotti2024anb,
 author = {Samuele Bortolotti and Emanuele Marconato and Tommaso Carraro and Paolo Morettin and Emile van Krieken and Antonio Vergari and Stefano Teso and Andrea Passerini},
 booktitle = {Neural Information Processing Systems},
 title = {A Neuro-Symbolic Benchmark Suite for Concept Quality and Reasoning Shortcuts},
 year = {2024}
}

@article{genet2025siggateer,
 author = {R'emi Genet and Hugo Inzirillo},
 booktitle = {arXiv.org},
 journal = {ArXiv},
 title = {SigGate: Enhancing Recurrent Neural Networks with Signature-Based Gating Mechanisms},
 volume = {abs/2502.09318},
 year = {2025}
}
