%% LaTeX2e file `references.bib'
%% generated by the `filecontents' environment
%% from source `template' on 2025/08/17.
%%
@book{goodfellow2016deep,
  title={Deep learning},
  author={Goodfellow, Ian and Bengio, Yoshua and Courville, Aaron and Bengio, Yoshua},
  volume={1},
  year={2016},
  publisher={MIT Press}
}

@article{dong2019neurallm,
 author = {Honghua Dong and Jiayuan Mao and Tian Lin and Chong Wang and Lihong Li and Denny Zhou},
 booktitle = {International Conference on Learning Representations},
 journal = {ArXiv},
 title = {Neural Logic Machines},
 volume = {abs/1904.11694},
 year = {2019}
}

@article{barbiero2023interpretablenc,
 author = {Pietro Barbiero and Gabriele Ciravegna and Francesco Giannini and Mateo Espinosa Zarlenga and Lucie Charlotte Magister and A. Tonda and Pietro Lio' and F. Precioso and M. Jamnik and G. Marra},
 booktitle = {International Workshop on Neural-Symbolic Learning and Reasoning},
 journal = {ArXiv},
 title = {Interpretable Neural-Symbolic Concept Reasoning},
 volume = {abs/2304.14068},
 year = {2023}
}

@article{hooshyar2024problemsws,
 author = {Danial Hooshyar and Yeongwook Yang},
 booktitle = {IEEE Access},
 journal = {IEEE Access},
 pages = {137472-137490},
 title = {Problems With SHAP and LIME in Interpretable AI for Education: A Comparative Study of Post-Hoc Explanations and Neural-Symbolic Rule Extraction},
 volume = {12},
 year = {2024}
}

@article{ma2024korbenchbl,
 author = {Kaijing Ma and Xinrun Du and Yunran Wang and Haoran Zhang and Zhoufutu Wen and Xingwei Qu and Jian Yang and Jiaheng Liu and Minghao Liu and Xiang Yue and Wenhao Huang and Ge Zhang},
 booktitle = {arXiv.org},
 journal = {ArXiv},
 title = {KOR-Bench: Benchmarking Language Models on Knowledge-Orthogonal Reasoning Tasks},
 volume = {abs/2410.06526},
 year = {2024}
}

@article{kingma2014adamam,
 author = {Diederik P. Kingma and Jimmy Ba},
 booktitle = {International Conference on Learning Representations},
 journal = {CoRR},
 title = {Adam: A Method for Stochastic Optimization},
 volume = {abs/1412.6980},
 year = {2014}
}

@article{liu2024neuralsymbolicro,
 author = {Lihui Liu and Zihao Wang and Hanghang Tong},
 booktitle = {SIGKDD Explorations},
 journal = {ArXiv},
 title = {Neural-Symbolic Reasoning over Knowledge Graphs: A Survey from a Query Perspective},
 volume = {abs/2412.10390},
 year = {2024}
}

@article{heider2020suprbas,
 author = {Michael Heider and David Pätzel and J. Hähner},
 booktitle = {arXiv.org},
 journal = {ArXiv},
 title = {SupRB: A Supervised Rule-based Learning System for Continuous Problems},
 volume = {abs/2002.10295},
 year = {2020}
}

@article{meyes2019ablationsi,
 author = {R. Meyes and Melanie Lu and C. W. D. Puiseau and Tobias Meisen},
 booktitle = {arXiv.org},
 journal = {ArXiv},
 title = {Ablation Studies in Artificial Neural Networks},
 volume = {abs/1901.08644},
 year = {2019}
}
