
% The paper 'Scaling Synthetic Logical Reasoning Datasets with Context-Sensitive Declarative Grammars' introduces a procedural generation framework for logical reasoning datasets. This aligns with the SPR_BENCH dataset used in the experiments, providing critical context and background for its development. It should be cited in the dataset description and methodology sections to acknowledge the dataset's source and design principles.
@article{sileo2024scalingsl,
 author = {Damien Sileo},
 booktitle = {Conference on Empirical Methods in Natural Language Processing},
 journal = {ArXiv},
 title = {Scaling Synthetic Logical Reasoning Datasets with Context-Sensitive Declarative Grammars},
 volume = {abs/2406.11035},
 year = {2024}
}

% The paper 'An Efficient k-Means Clustering Algorithm: Analysis and Implementation' by T. Kanungo et al. is a foundational work providing in-depth analysis and implementation details of the K-means clustering algorithm. This citation is relevant to the methodology section of the paper, where K-means is applied for clustering symbolic glyphs based on latent features. It supports the theoretical foundation and implementation considerations of using K-means in the proposed approach.
@article{kanungo2002anek,
 author = {T. Kanungo and D. Mount and N. Netanyahu and C. Piatko and R. Silverman and A. Wu},
 booktitle = {IEEE Transactions on Pattern Analysis and Machine Intelligence},
 journal = {IEEE Trans. Pattern Anal. Mach. Intell.},
 pages = {881-892},
 title = {An Efficient k-Means Clustering Algorithm: Analysis and Implementation},
 volume = {24},
 year = {2002}
}

% The paper 'Prototypical Networks for Few-shot Learning' introduces a foundational approach to few-shot classification by learning a metric space for clustering around prototype representations. Its relevance lies in establishing the theoretical underpinnings for using clustering in small data regimes, which directly supports the methodology of symbolic glyph clustering in the proposed work. This should be cited in the methodology section to justify the use of clustering for enhancing reasoning accuracy in SPR tasks.
@article{snell2017prototypicalnf,
 author = {Jake Snell and Kevin Swersky and R. Zemel},
 booktitle = {Neural Information Processing Systems},
 pages = {4077-4087},
 title = {Prototypical Networks for Few-shot Learning},
 year = {2017}
}

% The paper 'BERT: Pre-training of Deep Bidirectional Transformers for Language Understanding' introduces the BERT model, a foundational approach for pre-training deep bidirectional representations from unlabeled text. This work is directly relevant to the methodology where BERT embeddings are used for symbolic glyph clustering. It should be cited in the methodology section to provide theoretical support for using BERT embeddings in the proposed approach.
@article{devlin2019bertpo,
 author = {Jacob Devlin and Ming-Wei Chang and Kenton Lee and Kristina Toutanova},
 booktitle = {North American Chapter of the Association for Computational Linguistics},
 pages = {4171-4186},
 title = {BERT: Pre-training of Deep Bidirectional Transformers for Language Understanding},
 year = {2019}
}

% The paper 'Neuro-Symbolic AI: Integrating Symbolic Reasoning with Deep Learning' discusses the integration of symbolic reasoning with deep learning to enhance reasoning capabilities, interpretability, and robustness. This work is relevant to the proposed methodology as it demonstrates the efficacy of combining symbolic and neural approaches, supporting the argument that clustering symbolic glyphs can improve performance in reasoning tasks. It should be cited in the discussion of the methodology and supporting arguments for symbolic representation and reasoning integration.
@conference{himabindu2023neurosymbolicai,
 author = {Modi Himabindu and Revathi V and Manish Gupta and Ajay Rana and Pradeep Kumar Chandra and H. S. Abdulaali},
 booktitle = {IEEE Uttar Pradesh Section International Conference on Electrical, Computer and Electronics Engineering},
 journal = {2023 10th IEEE Uttar Pradesh Section International Conference on Electrical, Electronics and Computer Engineering (UPCON)},
 pages = {1587-1592},
 title = {Neuro-Symbolic AI: Integrating Symbolic Reasoning with Deep Learning},
 volume = {10},
 year = {2023}
}

% The paper 'Evaluation of K-Means Clustering Using Silhouette Score Method on Customer Segmentation' provides a general application of the silhouette score for evaluating clustering quality, which aligns with the methodology section of the proposed work. It supports the argument for using silhouette scores to validate clustering quality in symbolic glyph clustering tasks.
@article{yulisasih2024evaluationok,
 author = {Baiq Nikum Yulisasih and Herman Herman and Sunardi Sunardi and Herman Yuliansyah},
 booktitle = {Ilkom Jurnal Ilmiah},
 journal = {ILKOM Jurnal Ilmiah},
 title = {Evaluation of K-Means Clustering Using Silhouette Score Method on Customer Segmentation},
 year = {2024}
}

% The paper 'IntelliGraphs: Datasets for Benchmarking Knowledge Graph Generation' introduces synthetic knowledge graph datasets emphasizing logical rules and semantics for reasoning tasks. This work is relevant to the discussion of synthetic dataset generation for benchmarking reasoning models, as it aligns with the design principles and goals of the SPR_BENCH dataset. It should be cited in the dataset discussion to support the argument for using synthetic datasets in machine learning benchmarking, especially for semantic and reasoning-oriented tasks.
@article{thanapalasingam2023intelligraphsdf,
 author = {Thiviyan Thanapalasingam and Emile van Krieken and Peter Bloem and Paul Groth},
 booktitle = {arXiv.org},
 journal = {ArXiv},
 title = {IntelliGraphs: Datasets for Benchmarking Knowledge Graph Generation},
 volume = {abs/2307.06698},
 year = {2023}
}
