%% LaTeX2e file `references.bib'
%% generated by the `filecontents' environment
%% from source `template' on 2025/08/14.
%%
@book{goodfellow2016deep,
  title={Deep learning},
  author={Goodfellow, Ian and Bengio, Yoshua and Courville, Aaron and Bengio, Yoshua},
  volume={1},
  year={2016},
  publisher={MIT Press}
}

@article{sir2024acp,
 author = {Gustav Šír},
 booktitle = {Neurosymbolic Artificial Intelligence},
 journal = {Neurosymbolic Artificial Intelligence},
 title = {A computational perspective on neural-symbolic integration},
 year = {2024}
}

@article{bader2005dimensionson,
 author = {Sebastian Bader and P. Hitzler},
 booktitle = {We Will Show Them!},
 pages = {167-194},
 title = {Dimensions of Neural-symbolic Integration - A Structured Survey},
 year = {2005}
}

@article{wang2019aso,
 author = {Wei Wang and V. Zheng and Han Yu and C. Miao},
 booktitle = {ACM Transactions on Intelligent Systems and Technology},
 journal = {ACM Transactions on Intelligent Systems and Technology (TIST)},
 pages = {1 - 37},
 title = {A Survey of Zero-Shot Learning},
 volume = {10},
 year = {2019}
}

@article{xie2025finchainas,
 author = {Zhuohan Xie and Dhruv Sahnan and Debopriyo Banerjee and Georgi N. Georgiev and Rushil Thareja and Hachem Madmoun and Jinyan Su and Aaryamonvikram Singh and Yuxia Wang and Rui Xing and Fajri Koto and Haonan Li and Ivan Koychev and Tanmoy Chakraborty and Salem Lahlou and Veselin Stoyanov and Preslav Nakov},
 booktitle = {arXiv.org},
 journal = {ArXiv},
 title = {FinChain: A Symbolic Benchmark for Verifiable Chain-of-Thought Financial Reasoning},
 volume = {abs/2506.02515},
 year = {2025}
}

@article{ylmaz2016apf,
 author = {Özgür Yılmaz and A. Garcez and Daniel L. Silver},
 booktitle = {NeSy@HLAI},
 title = {A Proposal for Common Dataset in Neural-Symbolic Reasoning Studies},
 year = {2016}
}

@article{nagar2025howdt,
 author = {Aishik Nagar and Ishaan Singh Rawal and Mansi Dhanania and Cheston Tan},
 booktitle = {Annual Meeting of the Association for Computational Linguistics},
 pages = {21444-21461},
 title = {How do Transformer Embeddings Represent Compositions? A Functional Analysis},
 year = {2025}
}

@article{cao2020linguisticallydg,
 author = {Qingxing Cao and Xiaodan Liang and Keze Wang and Liang Lin},
 booktitle = {arXiv.org},
 journal = {ArXiv},
 title = {Linguistically Driven Graph Capsule Network for Visual Question Reasoning},
 volume = {abs/2003.10065},
 year = {2020}
}

@article{wu2022rnnctpsan,
 author = {Yu-hao Wu and Houyi Li},
 booktitle = {Knowledge-Based Systems},
 journal = {ArXiv},
 title = {RNNCTPs: A Neural Symbolic Reasoning Method Using Dynamic Knowledge Partitioning Technology},
 volume = {abs/2204.08810},
 year = {2022}
}

@article{li2025reinforcementlw,
 author = {Tao Li and Haozhe Lei and Mingsheng Yin and Yaqi Hu},
 booktitle = {arXiv.org},
 journal = {ArXiv},
 title = {Reinforcement Learning with Physics-Informed Symbolic Program Priors for Zero-Shot Wireless Indoor Navigation},
 volume = {abs/2506.22365},
 year = {2025}
}

@article{yi2025ironydr,
 author = {Peiling Yi and Yuhan Xia},
 booktitle = {IEEE Transactions on Artificial Intelligence},
 journal = {ArXiv},
 title = {Irony Detection, Reasoning and Understanding in Zero-shot Learning},
 volume = {abs/2501.16884},
 year = {2025}
}

@article{yu2023ann,
 author = {Dongran Yu and Xueyan Liu and Shirui Pan and Anchen Li and Bo Yang},
 booktitle = {arXiv.org},
 journal = {ArXiv},
 title = {A Novel Neural-symbolic System under Statistical Relational Learning},
 volume = {abs/2309.08931},
 year = {2023}
}

@article{xu2024macab,
 author = {Shuo Xu and Sai Wang and Xinyue Hu and Yutian Lin and Bo Du and Yu Wu},
 booktitle = {arXiv.org},
 journal = {ArXiv},
 title = {MAC: A Benchmark for Multiple Attributes Compositional Zero-Shot Learning},
 volume = {abs/2406.12757},
 year = {2024}
}
