%% LaTeX2e file `references.bib'
%% generated by the `filecontents' environment
%% from source `template' on 2025/08/16.
%%
@book{goodfellow2016deep,
  title={Deep learning},
  author={Goodfellow, Ian and Bengio, Yoshua and Courville, Aaron and Bengio, Yoshua},
  volume={1},
  year={2016},
  publisher={MIT Press}
}

@article{tsamoura2020neuralsymbolicia,
  author = {Efthymia Tsamoura and Loizos Michael},
  booktitle = {AAAI Conference on Artificial Intelligence},
  pages = {5051-5060},
  title = {Neural-Symbolic Integration: A Compositional Perspective},
  year = {2020}
}

@article{li2022superclevrav,
  author = {Zhuowan Li and Xingrui Wang and Elias Stengel-Eskin and Adam Kortylewski and Wufei Ma and Benjamin Van Durme and Alan Yuille Johns Hopkins University and U. California and Max Planck Institute for Informatics and U. Freiburg},
  booktitle = {Computer Vision and Pattern Recognition},
  journal = {2023 IEEE/CVF Conference on Computer Vision and Pattern Recognition (CVPR)},
  pages = {14963-14973},
  title = {Super-CLEVR: A Virtual Benchmark to Diagnose Domain Robustness in Visual Reasoning},
  year = {2022}
}

@inproceedings{ye2025zeroshotca,
  author = {Gefan Ye and Lin Li and Kexin Li and Jun Xiao and Long Chen},
  title = {Zero-shot Compositional Action Recognition with Neural Logic Constraints},
  year = {2025}
}

@article{srivastava2024functionalbf,
  author = {Saurabh Srivastava and B. AnnaroseM and V. AntoP and Shashank Menon and Ajay Sukumar and T. AdwaithSamod and Alan Philipose and Stevin Prince and Sooraj Thomas},
  booktitle = {arXiv.org},
  journal = {ArXiv},
  title = {Functional Benchmarks for Robust Evaluation of Reasoning Performance, and the Reasoning Gap},
  volume = {abs/2402.19450},
  year = {2024}
}
