
% The paper 'Neural-symbolic learning systems - foundations and applications' by A. Garcez et al. (2012) provides foundational insights into neural-symbolic systems, outlining their principles and applications. It is crucial for establishing the theoretical basis of neural-symbolic integration in the context of zero-shot reasoning and Synthetic PolyRule Reasoning (SPR). It will be cited in the introduction and related work sections to provide background and context.
@inproceedings{garcez2012neuralsymbolicls,
 author = {A. Garcez and K. Broda and D. Gabbay},
 booktitle = {Perspectives in Neural Computing},
 pages = {I-XIII, 1-271},
 title = {Neural-symbolic learning systems - foundations and applications},
 year = {2012}
}

% The paper 'Encoding formulas as deep networks: Reinforcement learning for zero-shot execution of LTL formulas' discusses zero-shot generalization in neural-symbolic systems using a compositional recurrent neural network. It demonstrates the ability to generalize to unseen logical formulas without additional training, which is directly relevant to the proposed integration of neural and symbolic components for zero-shot reasoning in Synthetic PolyRule Reasoning. This citation will be used in the related work section to highlight prior work in zero-shot learning within the neural-symbolic framework.
@article{kuo2020encodingfa,
 author = {Yen-Ling Kuo and B. Katz and Andrei Barbu},
 booktitle = {IEEE/RJS International Conference on Intelligent RObots and Systems},
 journal = {2020 IEEE/RSJ International Conference on Intelligent Robots and Systems (IROS)},
 pages = {5604-5610},
 title = {Encoding formulas as deep networks: Reinforcement learning for zero-shot execution of LTL formulas},
 year = {2020}
}

% The paper 'MM-InstructEval: Zero-Shot Evaluation of (Multimodal) Large Language Models on Multimodal Reasoning Tasks' presents a comprehensive evaluation framework and innovative metrics for assessing zero-shot reasoning tasks in multimodal contexts. It is relevant to this work as it provides insights into designing and implementing robust evaluation methods for zero-shot generalization, particularly in tasks that require sophisticated reasoning. This citation will be used in the methodology section to support the evaluation framework and metrics employed in Synthetic PolyRule Reasoning (SPR).
@article{yang2024mminstructevalze,
 author = {Xiaocui Yang and Wenfang Wu and Shi Feng and Ming Wang and Daling Wang and Yang Li and Qi Sun and Yifei Zhang and Xiaoming Fu and Soujanya Poria},
 booktitle = {Information Fusion},
 journal = {ArXiv},
 title = {MM-InstructEval: Zero-Shot Evaluation of (Multimodal) Large Language Models on Multimodal Reasoning Tasks},
 volume = {abs/2405.07229},
 year = {2024}
}

% The paper 'Zero-Shot Visual Reasoning by Vision-Language Models: Benchmarking and Analysis' provides insights into benchmarking zero-shot reasoning tasks using synthetic datasets that minimize reliance on world knowledge. This is directly relevant to supporting the SPR_BENCH dataset and its evaluation framework. It will be cited in the methodology section to substantiate the design choices for benchmarks and metrics in Synthetic PolyRule Reasoning (SPR).
@article{nagar2024zeroshotvr,
 author = {Aishik Nagar and Shantanu Jaiswal and Cheston Tan},
 booktitle = {IEEE International Joint Conference on Neural Network},
 journal = {2024 International Joint Conference on Neural Networks (IJCNN)},
 pages = {1-8},
 title = {Zero-Shot Visual Reasoning by Vision-Language Models: Benchmarking and Analysis},
 year = {2024}
}

% The paper 'Neuro-Symbolic Generation of Explanations for Robot Policies with Weighted Signal Temporal Logic' proposes a framework that includes weighted metrics for evaluating neuro-symbolic explanations. Its focus on metrics like conciseness, consistency, and strictness aligns conceptually with the use of Shape-Weighted Accuracy (SWA) and Color-Weighted Accuracy (CWA) in SPR. This citation will be used in the methodology section to provide theoretical support for employing weighted accuracy metrics in the evaluation framework.
@article{yuasa2025neurosymbolicgo,
 author = {Mikihisa Yuasa and R. Sreenivas and Huy T. Tran},
 booktitle = {arXiv.org},
 journal = {ArXiv},
 title = {Neuro-Symbolic Generation of Explanations for Robot Policies with Weighted Signal Temporal Logic},
 volume = {abs/2504.21841},
 year = {2025}
}

% The paper 'Sockeye: A Toolkit for Neural Machine Translation' provides insights into encoder-decoder architectures, including transformers, which are foundational to the neural network design used in the SPR baseline model. It will be cited in the methodology section to support the implementation of neural network architectures for feature extraction and sequence processing.
@article{hieber2017sockeyeat,
 author = {F. Hieber and Tobias Domhan and Michael J. Denkowski and David Vilar and Artem Sokolov and Ann Clifton and Matt Post},
 booktitle = {arXiv.org},
 journal = {ArXiv},
 title = {Sockeye: A Toolkit for Neural Machine Translation},
 volume = {abs/1712.05690},
 year = {2017}
}

% The paper 'Open-World Visual Reasoning by a Neuro-Symbolic Program of Zero-Shot Symbols' explores a novel combination of neuro-symbolic reasoning and language-vision models to generalize in open-world settings. Its use of first-order logic and probabilistic reasoning for zero-shot spatial configuration tasks is directly relevant to the proposed integration of neural and symbolic components for rule generalization in Synthetic PolyRule Reasoning (SPR). This citation will be used in the related work section to highlight prior advancements in zero-shot reasoning frameworks and methodologies.
@article{burghouts2024openworldvr,
 author = {G. Burghouts and Fieke Hillerstr√∂m and Erwin Walraven and M. V. Bekkum and Frank Ruis and J. Sijs and Jelle van Mil and Judith Dijk},
 booktitle = {International Conferences on Pattern Recognition and Artificial Intelligence},
 pages = {62-75},
 title = {Open-World Visual Reasoning by a Neuro-Symbolic Program of Zero-Shot Symbols},
 year = {2024}
}

% The paper 'A Novel Neural-symbolic System under Statistical Relational Learning' discusses the challenges in neural-symbolic integration, particularly in terms of integration, generalization, and interpretability. It proposes a framework to address these issues and introduces strategies for evaluating interpretability. This citation will be used in the risk factors and limitations section to provide a comprehensive understanding of the potential challenges and considerations in integrating neural networks with symbolic reasoning systems.
@article{yu2023ann,
 author = {Dongran Yu and Xueyan Liu and Shirui Pan and Anchen Li and Bo Yang},
 booktitle = {arXiv.org},
 journal = {ArXiv},
 title = {A Novel Neural-symbolic System under Statistical Relational Learning},
 volume = {abs/2309.08931},
 year = {2023}
}

% The paper 'Neuro-Symbolic AI: Integrating Symbolic Reasoning with Deep Learning' provides a comprehensive framework for neuro-symbolic integration, leveraging the strengths of symbolic AI and deep learning to enhance reasoning, generalization, and interpretability. This work is highly relevant to the methodology section as it supports the integration of neural networks with symbolic reasoning components to achieve zero-shot learning in Synthetic PolyRule Reasoning (SPR).
@conference{himabindu2023neurosymbolicai,
 author = {Modi Himabindu and Revathi V and Manish Gupta and Ajay Rana and Pradeep Kumar Chandra and H. S. Abdulaali},
 booktitle = {IEEE Uttar Pradesh Section International Conference on Electrical, Computer and Electronics Engineering},
 journal = {2023 10th IEEE Uttar Pradesh Section International Conference on Electrical, Electronics and Computer Engineering (UPCON)},
 pages = {1587-1592},
 title = {Neuro-Symbolic AI: Integrating Symbolic Reasoning with Deep Learning},
 volume = {10},
 year = {2023}
}
