
% This paper provides a comprehensive review of rule-based classification techniques, including methodologies like Ant Colony Optimization, rule construction strategies, and real-life implementations. It is highly relevant for summarizing the existing literature on rule-based classification and identifying gaps in handling complex symbolic rules. This citation will be used in the related work section to provide context and highlight the novelty of the Symbolic PolyRule Reasoning approach.
@article{hossain2022rulebasedcb,
 author = {Sayed Kaes Maruf Hossain and Sajia Afrin Ema and Hansuk Sohn},
 booktitle = {Applied Computational Intelligence and Soft Computing},
 journal = {Appl. Comput. Intell. Soft Comput.},
 pages = {2232000:1-2232000:17},
 title = {Rule-Based Classification Based on Ant Colony Optimization: A Comprehensive Review},
 volume = {2022},
 year = {2022}
}

% This paper discusses the integration of symbolic reasoning with neural networks, a key concept in neuro-symbolic AI. It provides a foundation for understanding methodologies that combine learning and reasoning, which is relevant to the development of algorithms for Symbolic PolyRule Reasoning. This citation will be used in the related work section to position the proposed research within the broader context of neuro-symbolic AI and highlight the novelty of focusing on poly-factor symbolic rules.
@article{marra2024fromsr,
 author = {Giuseppe Marra},
 booktitle = {AAAI Conference on Artificial Intelligence},
 pages = {22678},
 title = {From Statistical Relational to Neuro-Symbolic Artificial Intelligence},
 year = {2024}
}

% This paper discusses the importance of a common dataset for neural-symbolic reasoning studies, providing foundational insights into creating and using datasets for symbolic reasoning tasks. This citation will be used in the methodology section to contextualize the SPR_BENCH dataset and support its relevance to symbolic poly-rule reasoning.
@article{ylmaz2016apf,
 author = {Özgür Yılmaz and A. Garcez and Daniel L. Silver},
 booktitle = {NeSy@HLAI},
 title = {A Proposal for Common Dataset in Neural-Symbolic Reasoning Studies},
 year = {2016}
}

% This paper provides a mechanistic analysis of a Transformer model trained on a symbolic multi-step reasoning task, exploring the internal mechanisms and the model's ability to perform reasoning through interpretable mechanisms. It is directly relevant to the proposed research as it supports the use of Transformer models in handling complex symbolic reasoning tasks. This citation will be included in the methodology section to justify the choice of Transformer models for Symbolic PolyRule Reasoning and highlight their capability to model long-range dependencies and solve reasoning tasks.
@article{brinkmann2024ama,
 author = {Jannik Brinkmann and A. Sheshadri and Victor Levoso and Paul Swoboda and Christian Bartelt},
 booktitle = {Annual Meeting of the Association for Computational Linguistics},
 pages = {4082-4102},
 title = {A Mechanistic Analysis of a Transformer Trained on a Symbolic Multi-Step Reasoning Task},
 year = {2024}
}

% Paper 0 discusses compositional generalization challenges in neuro-symbolic approaches, emphasizing reliance on predefined predicates and the difficulty of extracting predicates from raw data. This will be cited to highlight generalization challenges in symbolic reasoning and motivate the need for advanced methods in the related work section. Paper 2 introduces a systematic abductive reasoning model using diverse relation representations, demonstrating robust generalization in abstract visual reasoning tasks. This will be cited to support arguments about the limitations of existing methods in handling complex multi-factor rules and the need for improved generalization capabilities in the introduction and discussion sections.
@article{kamali2024nesycocoan,
 author = {Danial Kamali and Elham J. Barezi and Parisa Kordjamshidi},
 booktitle = {arXiv.org},
 journal = {ArXiv},
 title = {NeSyCoCo: A Neuro-Symbolic Concept Composer for Compositional Generalization},
 volume = {abs/2412.15588},
 year = {2024}
}

@article{sun2025systematicar,
 author = {Zhong-Hua Sun and Rui Zhang and Zonglei Zhen and Da-Hui Wang and Yong-Jie Li and Xiaohong Wan and Hongzhi You},
 booktitle = {arXiv.org},
 journal = {ArXiv},
 title = {Systematic Abductive Reasoning via Diverse Relation Representations in Vector-symbolic Architecture},
 volume = {abs/2501.11896},
 year = {2025}
}

% This paper discusses methods to improve exploration in policy gradient search applied to symbolic optimization, addressing issues like early commitment and initialization bias. It introduces entropy regularization and distribution initialization techniques, demonstrating their effectiveness in improving performance and sample efficiency. This citation will be used in the methodology section to support the use of advanced optimization techniques for enhancing model performance in symbolic poly-rule reasoning tasks.
@article{landajuela2021improvingei,
 author = {Mikel Landajuela and Brenden K. Petersen and S. K. Kim and Cláudio P. Santiago and R. Glatt and T. Mundhenk and Jacob F. Pettit and Daniel M. Faissol},
 booktitle = {arXiv.org},
 journal = {ArXiv},
 title = {Improving exploration in policy gradient search: Application to symbolic optimization},
 volume = {abs/2107.09158},
 year = {2021}
}

% This paper discusses challenges in data representation for symbolic machine learning tasks, focusing on data reduction-sequencing and association analysis in complex information-rich environments. It is relevant for contextualizing the challenges of symbolic sequence representation in the 'Risk Factors and Limitations' section of our research, as it aligns with our discussion on the impact of data representation on model performance for symbolic poly-rule reasoning.
@article{pesaresi2016anm,
 author = {M. Pesaresi and V. Syrris and Andreea Julea},
 booktitle = {Remote Sensing},
 journal = {Remote. Sens.},
 pages = {399},
 title = {A New Method for Earth Observation Data Analytics Based on Symbolic Machine Learning},
 volume = {8},
 year = {2016}
}

% The selected paper introduces the MMLU-Reason benchmark, designed to rigorously evaluate multi-modal reasoning with explicit thinking, offering metrics like relevance, consistency, and structured error annotations. This citation will be used in the methodology section to contextualize evaluation processes and support the need for robust evaluation metrics in symbolic reasoning tasks, particularly for assessing reasoning quality beyond accuracy.
@inproceedings{tie2025mmlureasonbm,
 author = {Guiyao Tie and Xueyang Zhou and Tianhe Gu and Ruihang Zhang and Chaoran Hu and Sizhe Zhang and Mengqu Sun and Yan Zhang and Pan Zhou and Lichao Sun},
 title = {MMLU-Reason: Benchmarking Multi-Task Multi-modal Language Understanding and Reasoning},
 year = {2025}
}
