
% This paper introduces SimCLR, a foundational framework for contrastive learning of visual representations. It systematically studies the components of contrastive learning and demonstrates its effectiveness with significant results on ImageNet. This work is cited to provide background and theoretical support for the contrastive learning approach used in the proposed methodology.
@article{chen2020asf,
 author = {Ting Chen and Simon Kornblith and Mohammad Norouzi and Geoffrey E. Hinton},
 booktitle = {International Conference on Machine Learning},
 journal = {ArXiv},
 title = {A Simple Framework for Contrastive Learning of Visual Representations},
 volume = {abs/2002.05709},
 year = {2020}
}

% This paper introduces the KANDY benchmark, a framework for symbolic reasoning tasks with increasing complexity and sparse supervision. It highlights challenges in symbolic compositionality and the struggles of state-of-the-art methods in these tasks, emphasizing the need for advanced neuro-symbolic approaches. This work will be cited to provide context for the challenges of symbolic reasoning and to underscore the relevance of the proposed contrastive learning framework in addressing these challenges.
@article{lorello2024thekb,
 author = {Luca Salvatore Lorello and Marco Lippi and S. Melacci},
 booktitle = {Machine-mediated learning},
 journal = {Mach. Learn.},
 pages = {161},
 title = {The KANDY Benchmark: Incremental Neuro-Symbolic Learning and Reasoning with Kandinsky Patterns},
 volume = {114},
 year = {2024}
}

% This paper explores dual-sequence data augmentation and its integration with contrastive learning to enhance aspect sentiment quad prediction, which aligns with the proposed use of advanced data augmentation for symbolic sequence tasks. It will be cited to support the idea that data augmentation techniques can improve the robustness and contextual understanding of embeddings in sequence-based tasks.
@article{li2024enhancingas,
 author = {Shihao Li and Nankai Lin and Pinmo Wu and Dong Zhou and Aimin Yang},
 booktitle = {Asian Conference on Machine Learning},
 pages = {447-462},
 title = {Enhancing Aspect Sentiment Quad Prediction through Dual-Sequence Data Augmentation and Contrastive Learning},
 year = {2024}
}

% The RE-IMAGINE paper provides a framework for generating symbolic reasoning benchmarks and discusses evaluation criteria that assess reasoning capabilities beyond statistical recall. This is highly relevant for contextualizing the challenges and importance of the SPR_BENCH dataset in the proposed study. It should be cited in the background section to highlight the relevance of symbolic benchmarks and their role in evaluating reasoning tasks.
@article{xu2025reimaginesb,
 author = {Xinnuo Xu and Rachel Lawrence and Kshitij Dubey and Atharva Pandey and Risa Ueno and Fabian Falck and Aditya V. Nori and Rahul Sharma and Amit Sharma and Javier Gonz√°lez},
 booktitle = {arXiv.org},
 journal = {ArXiv},
 title = {RE-IMAGINE: Symbolic Benchmark Synthesis for Reasoning Evaluation},
 volume = {abs/2506.15455},
 year = {2025}
}

% The paper 'Soft-Label Denoising Contrastive Learning' introduces a method for integrating denoising contrastive learning with adaptive similarity calibration to enhance feature representations. It is particularly relevant for supporting the proposed use of denoising techniques in the context-aware contrastive learning framework, as it demonstrates how such techniques can preserve contextual information while improving discriminative feature learning. This citation will be used in the methodology section to justify the inclusion of denoising techniques for symbolic sequence tasks.
@conference{wu2025softlabeldc,
 author = {Weigang Wu and Zihan Chen},
 booktitle = {2025 6th International Conference on Geology, Mapping and Remote Sensing (ICGMRS)},
 journal = {2025 6th International Conference on Geology, Mapping and Remote Sensing (ICGMRS)},
 pages = {613-616},
 title = {Soft-Label Denoising Contrastive Learning},
 year = {2025}
}

% The GSM-Symbolic paper introduces an improved benchmark for reasoning tasks and discusses limitations in existing evaluation metrics. This aligns with the need to support the evaluation perspective in symbolic reasoning tasks, emphasizing the importance of robust and reliable metrics like SWA and CWA for assessing reasoning capabilities. It will be cited in the methodology section to provide context for the metrics used in the SPR_BENCH dataset.
@article{mirzadeh2024gsmsymbolicut,
 author = {Iman Mirzadeh and Keivan Alizadeh-Vahid and Hooman Shahrokhi and Oncel Tuzel and Samy Bengio and Mehrdad Farajtabar},
 booktitle = {International Conference on Learning Representations},
 journal = {ArXiv},
 title = {GSM-Symbolic: Understanding the Limitations of Mathematical Reasoning in Large Language Models},
 volume = {abs/2410.05229},
 year = {2024}
}

% This paper introduces a robust self-supervised learning framework for sequence-based tasks, incorporating contrastive learning and novel self-supervised tasks to address challenges such as scarce labels and representation robustness. It is highly relevant to the proposed study as it supports the use of self-supervised learning techniques for symbolic sequences in the SPR task. This citation will be used to justify the self-supervised learning approach in the methodology section.
@book{huang2024robustss,
 author = {Shuaibin Huang and Yun Xiong and Yi Xie and Tianyu Qiu and Guangzhong Wang},
 booktitle = {International Conference on Information and Knowledge Management},
 journal = {Proceedings of the 33rd ACM International Conference on Information and Knowledge Management},
 title = {Robust Sequence-Based Self-Supervised Representation Learning for Anti-Money Laundering},
 year = {2024}
}

% The paper discusses challenges in generalization for symbolic reasoning tasks and proposes a systematic abductive reasoning model (Rel-SAR) that integrates diverse relation representations to achieve robust out-of-distribution generalization. This is highly relevant to the proposed study as it highlights the difficulties of generalization in symbolic reasoning tasks and provides a context for discussing the risk factors and limitations of the proposed contrastive learning framework. It will be cited in the risk factors and limitations section to justify the generalization challenges.
@article{sun2025systematicar,
 author = {Zhong-Hua Sun and Rui Zhang and Zonglei Zhen and Da-Hui Wang and Yong-Jie Li and Xiaohong Wan and Hongzhi You},
 booktitle = {arXiv.org},
 journal = {ArXiv},
 title = {Systematic Abductive Reasoning via Diverse Relation Representations in Vector-symbolic Architecture},
 volume = {abs/2501.11896},
 year = {2025}
}
