%% LaTeX2e file `references.bib'
%% generated by the `filecontents' environment
%% from source `template' on 2025/08/16.
%%
@book{goodfellow2016deep,
  title={Deep learning},
  author={Goodfellow, Ian and Bengio, Yoshua and Courville, Aaron and Bengio, Yoshua},
  volume={1},
  year={2016},
  publisher={MIT Press}
}

@article{chen2020asf,
 author = {Ting Chen and Simon Kornblith and Mohammad Norouzi and Geoffrey E. Hinton},
 booktitle = {International Conference on Machine Learning},
 journal = {ArXiv},
 title = {A Simple Framework for Contrastive Learning of Visual Representations},
 volume = {abs/2002.05709},
 year = {2020}
}

@article{lorello2024thekb,
 author = {Luca Salvatore Lorello and Marco Lippi and S. Melacci},
 booktitle = {Machine-mediated learning},
 journal = {Mach. Learn.},
 pages = {161},
 title = {The KANDY Benchmark: Incremental Neuro-Symbolic Learning and Reasoning with Kandinsky Patterns},
 volume = {114},
 year = {2024}
}

@article{li2024enhancingas,
 author = {Shihao Li and Nankai Lin and Pinmo Wu and Dong Zhou and Aimin Yang},
 booktitle = {Asian Conference on Machine Learning},
 pages = {447-462},
 title = {Enhancing Aspect Sentiment Quad Prediction through Dual-Sequence Data Augmentation and Contrastive Learning},
 year = {2024}
}

@article{xu2025reimaginesb,
 author = {Xinnuo Xu and Rachel Lawrence and Kshitij Dubey and Atharva Pandey and Risa Ueno and Fabian Falck and Aditya V. Nori and Rahul Sharma and Amit Sharma and Javier Gonz√°lez},
 booktitle = {arXiv.org},
 journal = {ArXiv},
 title = {RE-IMAGINE: Symbolic Benchmark Synthesis for Reasoning Evaluation},
 volume = {abs/2506.15455},
 year = {2025}
}

@conference{wu2025softlabeldc,
 author = {Weigang Wu and Zihan Chen},
 booktitle = {2025 6th International Conference on Geology, Mapping and Remote Sensing (ICGMRS)},
 journal = {2025 6th International Conference on Geology, Mapping and Remote Sensing (ICGMRS)},
 pages = {613-616},
 title = {Soft-Label Denoising Contrastive Learning},
 year = {2025}
}

@article{mirzadeh2024gsmsymbolicut,
 author = {Iman Mirzadeh and Keivan Alizadeh-Vahid and Hooman Shahrokhi and Oncel Tuzel and Samy Bengio and Mehrdad Farajtabar},
 booktitle = {International Conference on Learning Representations},
 journal = {ArXiv},
 title = {GSM-Symbolic: Understanding the Limitations of Mathematical Reasoning in Large Language Models},
 volume = {abs/2410.05229},
 year = {2024}
}

@book{huang2024robustss,
 author = {Shuaibin Huang and Yun Xiong and Yi Xie and Tianyu Qiu and Guangzhong Wang},
 booktitle = {International Conference on Information and Knowledge Management},
 journal = {Proceedings of the 33rd ACM International Conference on Information and Knowledge Management},
 title = {Robust Sequence-Based Self-Supervised Representation Learning for Anti-Money Laundering},
 year = {2024}
}

@article{sun2025systematicar,
 author = {Zhong-Hua Sun and Rui Zhang and Zonglei Zhen and Da-Hui Wang and Yong-Jie Li and Xiaohong Wan and Hongzhi You},
 booktitle = {arXiv.org},
 journal = {ArXiv},
 title = {Systematic Abductive Reasoning via Diverse Relation Representations in Vector-symbolic Architecture},
 volume = {abs/2501.11896},
 year = {2025}
}
