%% LaTeX2e file `references.bib'
%% generated by the `filecontents' environment
%% from source `template' on 2025/08/18.
%%
@book{goodfellow2016deep,
  title={Deep learning},
  author={Goodfellow, Ian and Bengio, Yoshua and Courville, Aaron and Bengio, Yoshua},
  volume={1},
  year={2016},
  publisher={MIT Press}
}

@article{hitzler2020neuralsymbolicia,
 author = {P. Hitzler and Federico Bianchi and Monireh Ebrahimi and Md Kamruzzaman Sarker},
 booktitle = {Semantic Web},
 journal = {Semantic Web},
 pages = {3-11},
 title = {Neural-symbolic integration and the Semantic Web},
 volume = {11},
 year = {2020}
}

@article{garcez2019neuralsymbolicca,
 author = {A. Garcez and M. Gori and L. Lamb and L. Serafini and Michael Spranger and S. Tran},
 booktitle = {FLAP},
 journal = {FLAP},
 pages = {611-632},
 title = {Neural-Symbolic Computing: An Effective Methodology for Principled Integration of Machine Learning and Reasoning},
 volume = {6},
 year = {2019}
}

@article{sheng2024integratinglm,
 author = {Yu Sheng and Linjing Li and Yifei Wang and D. Zeng},
 booktitle = {IEEE International Conference on Acoustics, Speech, and Signal Processing},
 journal = {ICASSP 2024 - 2024 IEEE International Conference on Acoustics, Speech and Signal Processing (ICASSP)},
 pages = {11586-11590},
 title = {Integrating Language Models with Symbolic Formulas for First-Order Logic Reasoning},
 year = {2024}
}

@article{lorello2024thekb,
 author = {Luca Salvatore Lorello and Marco Lippi and S. Melacci},
 booktitle = {Machine-mediated learning},
 journal = {Mach. Learn.},
 pages = {161},
 title = {The KANDY Benchmark: Incremental Neuro-Symbolic Learning and Reasoning with Kandinsky Patterns},
 volume = {114},
 year = {2024}
}

@article{chefer2020transformerib,
 author = {Hila Chefer and Shir Gur and Lior Wolf},
 booktitle = {Computer Vision and Pattern Recognition},
 journal = {2021 IEEE/CVF Conference on Computer Vision and Pattern Recognition (CVPR)},
 pages = {782-791},
 title = {Transformer Interpretability Beyond Attention Visualization},
 year = {2020}
}

@article{pirozelli2023assessinglr,
 author = {Paulo Pirozelli and M. M. Jos'e and Paulo de Tarso P. Filho and A. Brand√£o and F. G. Cozman},
 booktitle = {International Workshop on Neural-Symbolic Learning and Reasoning},
 pages = {29-46},
 title = {Assessing Logical Reasoning Capabilities of Encoder-Only Transformer Models},
 year = {2023}
}

@article{wang2024symbolicwm,
 author = {Siyuan Wang and Zhongyu Wei and Yejin Choi and Xiang Ren},
 booktitle = {Conference on Empirical Methods in Natural Language Processing},
 journal = {ArXiv},
 title = {Symbolic Working Memory Enhances Language Models for Complex Rule Application},
 volume = {abs/2408.13654},
 year = {2024}
}
