%% LaTeX2e file `references.bib'
%% generated by the `filecontents' environment
%% from source `template' on 2025/08/31.
%%
@book{goodfellow2016deep,
  title={Deep learning},
  author={Goodfellow, Ian and Bengio, Yoshua and Courville, Aaron and Bengio, Yoshua},
  volume={1},
  year={2016},
  publisher={MIT Press}
}

@article{sileo2024scalingsl,
 author = {Damien Sileo},
 booktitle = {Conference on Empirical Methods in Natural Language Processing},
 journal = {ArXiv},
 title = {Scaling Synthetic Logical Reasoning Datasets with Context-Sensitive Declarative Grammars},
 volume = {abs/2406.11035},
 year = {2024}
}

@article{kanungo2002anek,
 author = {T. Kanungo and D. Mount and N. Netanyahu and C. Piatko and R. Silverman and A. Wu},
 booktitle = {IEEE Transactions on Pattern Analysis and Machine Intelligence},
 journal = {IEEE Trans. Pattern Anal. Mach. Intell.},
 pages = {881-892},
 title = {An Efficient k-Means Clustering Algorithm: Analysis and Implementation},
 volume = {24},
 year = {2002}
}

@article{snell2017prototypicalnf,
 author = {Jake Snell and Kevin Swersky and R. Zemel},
 booktitle = {Neural Information Processing Systems},
 pages = {4077-4087},
 title = {Prototypical Networks for Few-shot Learning},
 year = {2017}
}

@article{devlin2019bertpo,
 author = {Jacob Devlin and Ming-Wei Chang and Kenton Lee and Kristina Toutanova},
 booktitle = {North American Chapter of the Association for Computational Linguistics},
 pages = {4171-4186},
 title = {BERT: Pre-training of Deep Bidirectional Transformers for Language Understanding},
 year = {2019}
}

@conference{himabindu2023neurosymbolicai,
 author = {Modi Himabindu and Revathi V and Manish Gupta and Ajay Rana and Pradeep Kumar Chandra and H. S. Abdulaali},
 booktitle = {IEEE Uttar Pradesh Section International Conference on Electrical, Computer and Electronics Engineering},
 journal = {2023 10th IEEE Uttar Pradesh Section International Conference on Electrical, Electronics and Computer Engineering (UPCON)},
 pages = {1587-1592},
 title = {Neuro-Symbolic AI: Integrating Symbolic Reasoning with Deep Learning},
 volume = {10},
 year = {2023}
}

@article{yulisasih2024evaluationok,
 author = {Baiq Nikum Yulisasih and Herman Herman and Sunardi Sunardi and Herman Yuliansyah},
 booktitle = {Ilkom Jurnal Ilmiah},
 journal = {ILKOM Jurnal Ilmiah},
 title = {Evaluation of K-Means Clustering Using Silhouette Score Method on Customer Segmentation},
 year = {2024}
}

@article{thanapalasingam2023intelligraphsdf,
 author = {Thiviyan Thanapalasingam and Emile van Krieken and Peter Bloem and Paul Groth},
 booktitle = {arXiv.org},
 journal = {ArXiv},
 title = {IntelliGraphs: Datasets for Benchmarking Knowledge Graph Generation},
 volume = {abs/2307.06698},
 year = {2023}
}
