%% LaTeX2e file `references.bib'
%% generated by the `filecontents' environment
%% from source `template' on 2025/08/17.
%%
@book{goodfellow2016deep,
  title={Deep learning},
  author={Goodfellow, Ian and Bengio, Yoshua and Courville, Aaron and Bengio, Yoshua},
  volume={1},
  year={2016},
  publisher={MIT Press}
}

@article{vaswani2017attentionia,
 author = {Ashish Vaswani and Noam M. Shazeer and Niki Parmar and Jakob Uszkoreit and Llion Jones and Aidan N. Gomez and Lukasz Kaiser and I. Polosukhin},
 booktitle = {Neural Information Processing Systems},
 pages = {5998-6008},
 title = {Attention is All you Need},
 year = {2017}
}

@article{ethayarajh2019howca,
 author = {Kawin Ethayarajh},
 booktitle = {Conference on Empirical Methods in Natural Language Processing},
 pages = {55-65},
 title = {How Contextual are Contextualized Word Representations? Comparing the Geometry of BERT, ELMo, and GPT-2 Embeddings},
 year = {2019}
}

@article{bortolotti2024anb,
 author = {Samuele Bortolotti and Emanuele Marconato and Tommaso Carraro and Paolo Morettin and Emile van Krieken and Antonio Vergari and Stefano Teso and Andrea Passerini},
 booktitle = {Neural Information Processing Systems},
 title = {A Neuro-Symbolic Benchmark Suite for Concept Quality and Reasoning Shortcuts},
 year = {2024}
}

@article{lu2024surveyingna,
 author = {Zhen Lu and Imran Afridi and Hong Jin Kang and Ivan Ruchkin and Xi Zheng},
 booktitle = {Journal of Reliable Intelligent Environments},
 journal = {J. Reliab. Intell. Environ.},
 pages = {257-279},
 title = {Surveying neuro-symbolic approaches for reliable artificial intelligence of things},
 volume = {10},
 year = {2024}
}

@article{hwang2024fadamai,
 author = {Dongseong Hwang},
 booktitle = {arXiv.org},
 journal = {ArXiv},
 title = {FAdam: Adam is a natural gradient optimizer using diagonal empirical Fisher information},
 volume = {abs/2405.12807},
 year = {2024}
}

@article{pethick2025generalizedgn,
 author = {Thomas Pethick and Wanyun Xie and Mete Erdogan and Kimon Antonakopoulos and Tony Silveti-Falls and V. Cevher},
 booktitle = {arXiv.org},
 journal = {ArXiv},
 title = {Generalized Gradient Norm Clipping & Non-Euclidean (L0,L1)-Smoothness},
 volume = {abs/2506.01913},
 year = {2025}
}
