%% LaTeX2e file `references.bib'
%% generated by the `filecontents' environment
%% from source `template' on 2025/08/17.
%%
@book{goodfellow2016deep,
  title={Deep learning},
  author={Goodfellow, Ian and Bengio, Yoshua and Courville, Aaron and Bengio, Yoshua},
  volume={1},
  year={2016},
  publisher={MIT Press}
}

@article{wagner2021neuralsymbolicif,
 author = {Benedikt Wagner and A. Garcez},
 booktitle = {arXiv.org},
 journal = {ArXiv},
 title = {Neural-Symbolic Integration for Interactive Learning and Conceptual Grounding},
 volume = {abs/2112.11805},
 year = {2021}
}

@article{bortolotti2024anb,
 author = {Samuele Bortolotti and Emanuele Marconato and Tommaso Carraro and Paolo Morettin and Emile van Krieken and Antonio Vergari and Stefano Teso and Andrea Passerini},
 booktitle = {Neural Information Processing Systems},
 title = {A Neuro-Symbolic Benchmark Suite for Concept Quality and Reasoning Shortcuts},
 year = {2024}
}

@article{kodnongbua2024zeroshotsn,
 author = {Milin Kodnongbua and Lawrence H. Curtis and Adriana Schulz},
 booktitle = {arXiv.org},
 journal = {ArXiv},
 title = {Zero-shot Sequential Neuro-symbolic Reasoning for Automatically Generating Architecture Schematic Designs},
 volume = {abs/2402.00052},
 year = {2024}
}

@article{hu2023codepa,
 author = {Y. Hu and Haotong Yang and Zhouchen Lin and Muhan Zhang},
 booktitle = {arXiv.org},
 journal = {ArXiv},
 title = {Code Prompting: a Neural Symbolic Method for Complex Reasoning in Large Language Models},
 volume = {abs/2305.18507},
 year = {2023}
}

@article{sir2024acp,
 author = {Gustav Šír},
 booktitle = {Neurosymbolic Artificial Intelligence},
 journal = {Neurosymbolic Artificial Intelligence},
 title = {A computational perspective on neural-symbolic integration},
 year = {2024}
}

@article{thakur2021beirah,
 author = {Nandan Thakur and Nils Reimers and Andreas Ruckl'e and Abhishek Srivastava and Iryna Gurevych},
 booktitle = {NeurIPS Datasets and Benchmarks},
 journal = {ArXiv},
 title = {BEIR: A Heterogenous Benchmark for Zero-shot Evaluation of Information Retrieval Models},
 volume = {abs/2104.08663},
 year = {2021}
}

@article{burghouts2024openworldvr,
 author = {G. Burghouts and Fieke Hillerstr\"om and Erwin Walraven and M. V. Bekkum and Frank Ruis and J. Sijs and Jelle van Mil and Judith Dijk},
 booktitle = {International Conferences on Pattern Recognition and Artificial Intelligence},
 pages = {62-75},
 title = {Open-World Visual Reasoning by a Neuro-Symbolic Program of Zero-Shot Symbols},
 year = {2024}
}
