
% The selected paper surveys neural-symbolic computing as a methodology for integrating machine learning with reasoning. It provides foundational insights into the principles and applications of combining neural network learning with symbolic reasoning, which is directly relevant to the proposed work on zero-shot reasoning using neural-symbolic integration. This citation should be used in the introduction to frame the theoretical scope and significance of neural-symbolic systems within the context of the proposed research.
@article{garcez2019neuralsymbolicca,
 author = {A. Garcez and M. Gori and L. Lamb and L. Serafini and Michael Spranger and S. Tran},
 booktitle = {FLAP},
 journal = {FLAP},
 pages = {611-632},
 title = {Neural-Symbolic Computing: An Effective Methodology for Principled Integration of Machine Learning and Reasoning},
 volume = {6},
 year = {2019}
}

% This paper discusses neuro-symbolic reasoning in the context of zero-shot decision-making for open-world visual reasoning tasks. It introduces a neuro-symbolic program that integrates reasoning and learning to address spatial configurations of objects, which is relevant to the proposed work on zero-shot Synthetic PolyRule Reasoning (SPR). This citation should be used to highlight related advancements in neuro-symbolic reasoning and to underline the novelty of the proposed approach in the introduction and related work sections.
@article{burghouts2024openworldvr,
 author = {G. Burghouts and Fieke Hillerstr√∂m and Erwin Walraven and M. V. Bekkum and Frank Ruis and J. Sijs and Jelle van Mil and Judith Dijk},
 booktitle = {International Conferences on Pattern Recognition and Artificial Intelligence},
 pages = {62-75},
 title = {Open-World Visual Reasoning by a Neuro-Symbolic Program of Zero-Shot Symbols},
 year = {2024}
}

% This paper benchmarks and analyzes zero-shot visual reasoning capabilities of vision-language models using synthetic datasets that minimize world knowledge dependencies and focus on reasoning. It is relevant to the proposed work as it provides context for synthetic benchmarks used in zero-shot reasoning tasks, like SPR_BENCH. This citation should be used in the experiments section to highlight the role and importance of synthetic datasets in evaluating reasoning capabilities.
@article{nagar2024zeroshotvr,
 author = {Aishik Nagar and Shantanu Jaiswal and Cheston Tan},
 booktitle = {IEEE International Joint Conference on Neural Network},
 journal = {2024 International Joint Conference on Neural Networks (IJCNN)},
 pages = {1-8},
 title = {Zero-Shot Visual Reasoning by Vision-Language Models: Benchmarking and Analysis},
 year = {2024}
}

% The paper presents a hybrid architecture that integrates symbolic reasoning with deep learning models for zero-shot decision-making in autonomous systems. It highlights the ability of such systems to generalize to unseen tasks by combining contrastive vision-language models and symbolic reasoning blocks. This citation will support the methodology section, emphasizing the relevance and potential of hybrid neural-symbolic systems for achieving zero-shot generalization in unseen tasks.
@article{akter2024artificialim,
 author = {Sharmin Akter},
 booktitle = {Journal of Information Systems Engineering & Management},
 journal = {Journal of Information Systems Engineering and Management},
 title = {Artificial Intelligence-Guided Machine Learning Frameworks for Zero-Shot Decision Making in Autonomous Systems},
 year = {2024}
}

% This paper discusses the use of symbolic reasoning frameworks for systematic reasoning and generalization in structured tasks, specifically within the context of Raven's Progressive Matrices. Its focus on symbolic reasoning potential and rule abduction aligns with the need to address rule generalization in synthetic tasks like Synthetic PolyRule Reasoning (SPR). This citation will be used to support the hypothesis and related work sections, emphasizing the role of symbolic reasoning in enhancing generalization capabilities.
@article{sun2025systematicar,
 author = {Zhong-Hua Sun and Rui Zhang and Zonglei Zhen and Da-Hui Wang and Yong-Jie Li and Xiaohong Wan and Hongzhi You},
 booktitle = {arXiv.org},
 journal = {ArXiv},
 title = {Systematic Abductive Reasoning via Diverse Relation Representations in Vector-symbolic Architecture},
 volume = {abs/2501.11896},
 year = {2025}
}

% This paper discusses weighted accuracy metrics in the context of reasoning frameworks for unbalanced data classification, using probabilistic models. Its focus on structured reasoning and evaluation using metrics like weighted accuracy is directly relevant to the experiments section, as it provides a theoretical basis for employing metrics such as Shape-Weighted Accuracy (SWA) or Color-Weighted Accuracy (CWA) in reasoning tasks.
@article{du2025asr,
 author = {Junliang Du and Shiyu Dou and Bohuan Yang and Jiacheng Hu and Tai An},
 booktitle = {2025 5th International Conference on Consumer Electronics and Computer Engineering (ICCECE)},
 journal = {2025 5th International Conference on Consumer Electronics and Computer Engineering (ICCECE)},
 pages = {540-544},
 title = {A Structured Reasoning Framework for Unbalanced Data Classification Using Probabilistic Models},
 year = {2025}
}

% This paper discusses stability improvements to the Adam optimizer, providing insights into its effectiveness and addressing critical concerns related to numerical instability in deep neural network training. This citation is relevant to justify the use of the Adam optimizer in the experiments section, particularly in the context of training neural-symbolic models for zero-shot reasoning tasks.
@inproceedings{yun2023stabilizingbi,
 author = {Juyoung Yun},
 title = {Stabilizing Backpropagation in 16-bit Neural Training with Modified Adam Optimizer},
 year = {2023}
}

% This paper discusses limitations in neural-symbolic systems, including integration, generalization, and interpretability, and proposes a framework (NSF-SRL) to address these challenges. It provides insights into improving neural-symbolic methodologies and highlights future research directions, including enhancing interpretability and generalization capabilities. This citation should be used to suggest future research directions in the discussion or conclusion sections of the paper, framing paths for advancing neural-symbolic integration in zero-shot reasoning tasks.
@article{yu2023ann,
 author = {Dongran Yu and Xueyan Liu and Shirui Pan and Anchen Li and Bo Yang},
 booktitle = {arXiv.org},
 journal = {ArXiv},
 title = {A Novel Neural-symbolic System under Statistical Relational Learning},
 volume = {abs/2309.08931},
 year = {2023}
}
